<?xml version="1.0" encoding="UTF-8"?>
<!DOCTYPE html PUBLIC "-//W3C//DTD XHTML 1.0 Transitional//EN"
    "http://www.w3.org/TR/xhtml1/DTD/xhtml1-transitional.dtd">
<html xmlns="http://www.w3.org/1999/xhtml" xml:lang="en" lang="en">
 <head>
  <title>
</title>
<meta http-equiv="Content-Type" content="text/html;charset=utf-8" />
  <meta name='ocr-system' content='tesseract 3.04.00' />
  <meta name='ocr-capabilities' content='ocr_page ocr_carea ocr_par ocr_line ocrx_word'/>
</head>
<body>
  <div class='ocr_page' id='page_1' title='image "./epistolaederebu01fracgoog_0082.png"; bbox 0 0 2670 4688; ppageno 0'>
   <div class='ocr_carea' id='block_1_1' title="bbox 124 186 861 244">
    <p class='ocr_par' dir='ltr' id='par_1_1' title="bbox 124 186 861 244">
     <span class='ocr_line' id='line_1_1' title="bbox 124 186 861 244; baseline -0.001 0"><span class='ocrx_word' id='word_1_1' title='bbox 124 186 161 244; x_wconf 67' lang='lat' dir='ltr'><strong>it</strong></span> <span class='ocrx_word' id='word_1_2' title='bbox 456 195 497 242; x_wconf 88' lang='lat' dir='ltr'><strong>nu</strong></span> <span class='ocrx_word' id='word_1_3' title='bbox 519 196 619 243; x_wconf 86' lang='lat' dir='ltr'><strong>nunus</strong></span> <span class='ocrx_word' id='word_1_4' title='bbox 641 195 861 244; x_wconf 78' lang='lat' dir='ltr'><strong>rsuraranmus</strong></span> 
     </span>
    </p>
   </div>
   <div class='ocr_carea' id='block_1_2' title="bbox 23 329 1287 3492">
    <p class='ocr_par' dir='ltr' id='par_1_2' title="bbox 120 329 1287 3259">
     <span class='ocr_line' id='line_1_2' title="bbox 125 329 1203 423; baseline -0.003 -16"><span class='ocrx_word' id='word_1_5' title='bbox 125 359 200 407; x_wconf 93' lang='lat' dir='ltr'><strong>rum</strong></span> <span class='ocrx_word' id='word_1_6' title='bbox 227 332 336 405; x_wconf 84' lang='lat' dir='ltr'><strong>saeris</strong></span> <span class='ocrx_word' id='word_1_7' title='bbox 362 329 559 401; x_wconf 91' lang='lat' dir='ltr'><strong>nominibus</strong></span> <span class='ocrx_word' id='word_1_8' title='bbox 592 331 773 404; x_wconf 90' lang='lat' dir='ltr'><strong>inseratur.</strong></span> <span class='ocrx_word' id='word_1_9' title='bbox 800 331 903 403; x_wconf 87' lang='lat' dir='ltr'><strong>hliud</strong></span> <span class='ocrx_word' id='word_1_10' title='bbox 932 331 1057 404; x_wconf 90' lang='lat' dir='ltr'><strong>dehine</strong></span> <span class='ocrx_word' id='word_1_11' title='bbox 1081 352 1203 423; x_wconf 86' lang='lat' dir='ltr'><strong>genus</strong></span> 
     </span>
     <span class='ocr_line' id='line_1_3' title="bbox 123 453 1202 551; baseline -0.005 -21"><span class='ocrx_word' id='word_1_12' title='bbox 123 459 294 531; x_wconf 81' lang='lat' dir='ltr'><strong>loenriueae</strong></span> <span class='ocrx_word' id='word_1_13' title='bbox 320 453 432 525; x_wconf 90' lang='lat' dir='ltr'><strong>laudis</strong></span> <span class='ocrx_word' id='word_1_14' title='bbox 459 454 697 546; x_wconf 86' lang='lat' dir='ltr'><strong>attingendum</strong></span> <span class='ocrx_word' id='word_1_15' title='bbox 725 468 789 526; x_wconf 90' lang='lat' dir='ltr'><strong>est.</strong></span> <span class='ocrx_word' id='word_1_16' title='bbox 816 456 957 551; x_wconf 87' lang='lat' dir='ltr'><strong>Orithya</strong></span> <span class='ocrx_word' id='word_1_17' title='bbox 979 454 1202 525; x_wconf 80' lang='lat' dir='ltr'><strong>Amazonum</strong></span> 
     </span>
     <span class='ocr_line' id='line_1_4' title="bbox 124 576 1205 671; baseline -0.004 -20"><span class='ocrx_word' id='word_1_18' title='bbox 124 580 267 671; x_wconf 87' lang='lat' dir='ltr'><strong>Regina,</strong></span> <span class='ocrx_word' id='word_1_19' title='bbox 293 589 329 647; x_wconf 92' lang='lat' dir='ltr'><strong>ut</strong></span> <span class='ocrx_word' id='word_1_20' title='bbox 356 577 505 670; x_wconf 86' lang='lat' dir='ltr'><strong>reliquas</strong></span> <span class='ocrx_word' id='word_1_21' title='bbox 532 578 668 662; x_wconf 89' lang='lat' dir='ltr'><strong>sileam,</strong></span> <span class='ocrx_word' id='word_1_22' title='bbox 691 590 784 649; x_wconf 89' lang='lat' dir='ltr'><strong>tanta</strong></span> <span class='ocrx_word' id='word_1_23' title='bbox 804 577 884 649; x_wconf 86' lang='lat' dir='ltr'><strong>belli</strong></span> <span class='ocrx_word' id='word_1_24' title='bbox 907 578 1049 649; x_wconf 88' lang='lat' dir='ltr'><strong>scientia</strong></span> <span class='ocrx_word' id='word_1_25' title='bbox 1068 589 1105 649; x_wconf 92' lang='lat' dir='ltr'><strong>et</strong></span> <span class='ocrx_word' id='word_1_26' title='bbox 1124 576 1205 647; x_wconf 91' lang='lat' dir='ltr'><strong>vir-</strong></span> 
     </span>
     <span class='ocr_line' id='line_1_5' title="bbox 124 699 1206 785; baseline -0.001 -12"><span class='ocrx_word' id='word_1_27' title='bbox 124 714 195 773; x_wconf 90' lang='lat' dir='ltr'><strong>tute</strong></span> <span class='ocrx_word' id='word_1_28' title='bbox 218 699 364 773; x_wconf 77' lang='lat' dir='ltr'><strong>traditur</strong></span> <span class='ocrx_word' id='word_1_29' title='bbox 381 702 501 785; x_wconf 87' lang='lat' dir='ltr'><strong>luisse,</strong></span> <span class='ocrx_word' id='word_1_30' title='bbox 525 712 562 771; x_wconf 90' lang='lat' dir='ltr'><strong>ut</strong></span> <span class='ocrx_word' id='word_1_31' title='bbox 579 701 668 771; x_wconf 88' lang='lat' dir='ltr'><strong>inter</strong></span> <span class='ocrx_word' id='word_1_32' title='bbox 680 700 862 771; x_wconf 78' lang='lat' dir='ltr'>duodecim</span> <span class='ocrx_word' id='word_1_33' title='bbox 876 701 1129 773; x_wconf 82' lang='lat' dir='ltr'><strong>famosissimos</strong></span> <span class='ocrx_word' id='word_1_34' title='bbox 1147 703 1206 772; x_wconf 91' lang='lat' dir='ltr'><strong>la·</strong></span> 
     </span>
     <span class='ocr_line' id='line_1_6' title="bbox 121 823 1206 918; baseline 0.001 -23"><span class='ocrx_word' id='word_1_35' title='bbox 121 824 235 908; x_wconf 75' lang='lat' dir='ltr'><strong>bores</strong></span> <span class='ocrx_word' id='word_1_36' title='bbox 253 848 343 918; x_wconf 90' lang='lat' dir='ltr'><strong>quos</strong></span> <span class='ocrx_word' id='word_1_37' title='bbox 365 825 500 895; x_wconf 78' lang='lat' dir='ltr'><strong>Herculi</strong></span> <span class='ocrx_word' id='word_1_38' title='bbox 516 823 562 894; x_wconf 89' lang='lat' dir='ltr'><strong>illi</strong></span> <span class='ocrx_word' id='word_1_39' title='bbox 576 825 704 894; x_wconf 88' lang='lat' dir='ltr'><strong>invicto</strong></span> <span class='ocrx_word' id='word_1_40' title='bbox 721 823 940 918; x_wconf 77' lang='lat' dir='ltr'><strong>Eurystheus</strong></span> <span class='ocrx_word' id='word_1_41' title='bbox 958 823 1102 895; x_wconf 79' lang='lat' dir='ltr'><strong>Graeciae</strong></span> <span class='ocrx_word' id='word_1_42' title='bbox 1120 824 1206 896; x_wconf 82' lang='lat' dir='ltr'><strong>Rex</strong></span> 
     </span>
     <span class='ocr_line' id='line_1_7' title="bbox 122 944 1205 1042; baseline 0.001 -24"><span class='ocrx_word' id='word_1_43' title='bbox 122 948 280 1034; x_wconf 88' lang='lat' dir='ltr'><strong>iniunxit,</strong></span> <span class='ocrx_word' id='word_1_44' title='bbox 296 972 358 1020; x_wconf 90' lang='lat' dir='ltr'><strong>eeu</strong></span> <span class='ocrx_word' id='word_1_45' title='bbox 375 971 447 1018; x_wconf 88' lang='lat' dir='ltr'><strong>rom</strong></span> <span class='ocrx_word' id='word_1_46' title='bbox 467 946 716 1042; x_wconf 89' lang='lat' dir='ltr'><strong>impossibilem</strong></span> <span class='ocrx_word' id='word_1_47' title='bbox 735 946 847 1017; x_wconf 84' lang='lat' dir='ltr'><strong>atl&#39;erri</strong></span> <span class='ocrx_word' id='word_1_48' title='bbox 866 944 932 1016; x_wconf 89' lang='lat' dir='ltr'><strong>sibi</strong></span> <span class='ocrx_word' id='word_1_49' title='bbox 945 946 1075 1038; x_wconf 82' lang='lat' dir='ltr'><strong>reginae</strong></span> <span class='ocrx_word' id='word_1_50' title='bbox 1091 947 1205 1019; x_wconf 90' lang='lat' dir='ltr'><strong>huius</strong></span> 
     </span>
     <span class='ocr_line' id='line_1_8' title="bbox 122 1069 1205 1164; baseline 0 -21"><span class='ocrx_word' id='word_1_51' title='bbox 122 1092 218 1143; x_wconf 87' lang='lat' dir='ltr'><strong>arma</strong></span> <span class='ocrx_word' id='word_1_52' title='bbox 234 1071 448 1164; x_wconf 86' lang='lat' dir='ltr'><strong>deposceret.</strong></span> <span class='ocrx_word' id='word_1_53' title='bbox 467 1069 632 1142; x_wconf 88' lang='lat' dir='ltr'><strong>Eiusdem</strong></span> <span class='ocrx_word' id='word_1_54' title='bbox 650 1070 790 1160; x_wconf 84' lang='lat' dir='ltr'><strong>generis</strong></span> <span class='ocrx_word' id='word_1_55' title='bbox 807 1082 843 1140; x_wconf 88' lang='lat' dir='ltr'><strong>et</strong></span> <span class='ocrx_word' id='word_1_56' title='bbox 859 1069 1086 1143; x_wconf 89' lang='lat' dir='ltr'><strong>Penthesileae</strong></span> <span class='ocrx_word' id='word_1_57' title='bbox 1101 1070 1205 1163; x_wconf 87' lang='lat' dir='ltr'><strong>apud</strong></span> 
     </span>
     <span class='ocr_line' id='line_1_9' title="bbox 122 1192 1203 1286; baseline 0.001 -22"><span class='ocrx_word' id='word_1_58' title='bbox 122 1195 270 1277; x_wconf 84' lang='lat' dir='ltr'><strong>Troiam,</strong></span> <span class='ocrx_word' id='word_1_59' title='bbox 291 1206 326 1264; x_wconf 95' lang='lat' dir='ltr'><strong>et</strong></span> <span class='ocrx_word' id='word_1_60' title='bbox 347 1193 499 1263; x_wconf 73' lang='lat' dir='ltr'><strong>Camillae</strong></span> <span class='ocrx_word' id='word_1_61' title='bbox 520 1216 580 1286; x_wconf 82' lang='lat' dir='ltr'><strong>per</strong></span> <span class='ocrx_word' id='word_1_62' title='bbox 602 1194 729 1264; x_wconf 88' lang='lat' dir='ltr'><strong>ltaliam</strong></span> <span class='ocrx_word' id='word_1_63' title='bbox 754 1203 833 1263; x_wconf 90' lang='lat' dir='ltr'><strong>uota</strong></span> <span class='ocrx_word' id='word_1_64' title='bbox 854 1192 977 1264; x_wconf 87' lang='lat' dir='ltr'><strong>virtus.</strong></span> <span class='ocrx_word' id='word_1_65' title='bbox 999 1193 1105 1265; x_wconf 89' lang='lat' dir='ltr'><strong>Cuius</strong></span> <span class='ocrx_word' id='word_1_66' title='bbox 1127 1216 1203 1265; x_wconf 92' lang='lat' dir='ltr'><strong>non</strong></span> 
     </span>
     <span class='ocr_line' id='line_1_10' title="bbox 122 1316 1202 1409; baseline 0 -22"><span class='ocrx_word' id='word_1_67' title='bbox 122 1317 165 1388; x_wconf 92' lang='lat' dir='ltr'><strong>ad</strong></span> <span class='ocrx_word' id='word_1_68' title='bbox 187 1338 308 1387; x_wconf 89' lang='lat' dir='ltr'><strong>aurem</strong></span> <span class='ocrx_word' id='word_1_69' title='bbox 334 1316 429 1385; x_wconf 91' lang='lat' dir='ltr'><strong>vonit</strong></span> <span class='ocrx_word' id='word_1_70' title='bbox 448 1316 686 1409; x_wconf 80' lang='lat' dir='ltr'><strong>hypsicraloae</strong></span> <span class='ocrx_word' id='word_1_71' title='bbox 712 1316 852 1407; x_wconf 86' lang='lat' dir='ltr'><strong>Regiuae</strong></span> <span class='ocrx_word' id='word_1_72' title='bbox 873 1317 1065 1408; x_wconf 81' lang='lat' dir='ltr'><strong>coniugalis</strong></span> <span class='ocrx_word' id='word_1_73' title='bbox 1082 1338 1202 1401; x_wconf 89' lang='lat' dir='ltr'><strong>amor,</strong></span> 
     </span>
     <span class='ocr_line' id='line_1_11' title="bbox 121 1437 1203 1531; baseline 0.001 -20"><span class='ocrx_word' id='word_1_74' title='bbox 121 1449 157 1512; x_wconf 92' lang='lat' dir='ltr'><strong>et</strong></span> <span class='ocrx_word' id='word_1_75' title='bbox 187 1438 305 1509; x_wconf 88' lang='lat' dir='ltr'><strong>invicti</strong></span> <span class='ocrx_word' id='word_1_76' title='bbox 330 1437 434 1528; x_wconf 85' lang='lat' dir='ltr'><strong>vigor</strong></span> <span class='ocrx_word' id='word_1_77' title='bbox 458 1438 576 1519; x_wconf 84' lang='lat' dir='ltr'><strong>animi,</strong></span> <span class='ocrx_word' id='word_1_78' title='bbox 603 1460 685 1531; x_wconf 82' lang='lat' dir='ltr'><strong>quae</strong></span> <span class='ocrx_word' id='word_1_79' title='bbox 709 1437 940 1511; x_wconf 82' lang='lat' dir='ltr'><strong>Mithridatem</strong></span> <span class='ocrx_word' id='word_1_80' title='bbox 967 1460 1069 1510; x_wconf 93' lang='lat' dir='ltr'><strong>suum</strong></span> <span class='ocrx_word' id='word_1_81' title='bbox 1095 1440 1203 1511; x_wconf 87' lang='lat' dir='ltr'><strong>Ponti</strong></span> 
     </span>
     <span class='ocr_line' id='line_1_12' title="bbox 123 1561 1206 1655; baseline 0 -20"><span class='ocrx_word' id='word_1_82' title='bbox 123 1585 241 1655; x_wconf 87' lang='lat' dir='ltr'><strong>regem</strong></span> <span class='ocrx_word' id='word_1_83' title='bbox 263 1563 320 1633; x_wconf 93' lang='lat' dir='ltr'><strong>illo</strong></span> <span class='ocrx_word' id='word_1_84' title='bbox 341 1563 441 1652; x_wconf 88' lang='lat' dir='ltr'><strong>gravi</strong></span> <span class='ocrx_word' id='word_1_85' title='bbox 460 1573 496 1635; x_wconf 85' lang='lat' dir='ltr'><strong>et</strong></span> <span class='ocrx_word' id='word_1_86' title='bbox 515 1561 688 1647; x_wconf 89' lang='lat' dir='ltr'><strong>diuturno,</strong></span> <span class='ocrx_word' id='word_1_87' title='bbox 717 1563 810 1654; x_wconf 91' lang='lat' dir='ltr'><strong>quod</strong></span> <span class='ocrx_word' id='word_1_88' title='bbox 830 1585 908 1634; x_wconf 91' lang='lat' dir='ltr'><strong>eum</strong></span> <span class='ocrx_word' id='word_1_89' title='bbox 931 1562 1094 1634; x_wconf 88' lang='lat' dir='ltr'><strong>Romanis</strong></span> <span class='ocrx_word' id='word_1_90' title='bbox 1115 1584 1206 1655; x_wconf 86' lang='lat' dir='ltr'><strong>ges-</strong></span> 
     </span>
     <span class='ocr_line' id='line_1_13' title="bbox 122 1684 1287 1785; baseline 0 -26"><span class='ocrx_word' id='word_1_91' title='bbox 122 1690 167 1759; x_wconf 90' lang='lat' dir='ltr'><strong>sit</strong></span> <span class='ocrx_word' id='word_1_92' title='bbox 189 1686 278 1756; x_wconf 90' lang='lat' dir='ltr'><strong>hello</strong></span> <span class='ocrx_word' id='word_1_93' title='bbox 299 1709 368 1758; x_wconf 92' lang='lat' dir='ltr'><strong>non</strong></span> <span class='ocrx_word' id='word_1_94' title='bbox 388 1684 490 1757; x_wconf 92' lang='lat' dir='ltr'><strong>modo</strong></span> <span class='ocrx_word' id='word_1_95' title='bbox 510 1686 592 1758; x_wconf 93' lang='lat' dir='ltr'><strong>dum</strong></span> <span class='ocrx_word' id='word_1_96' title='bbox 615 1708 672 1757; x_wconf 87' lang='lat' dir='ltr'><strong>res</strong></span> <span class='ocrx_word' id='word_1_97' title='bbox 697 1708 824 1782; x_wconf 85' lang='lat' dir='ltr'><strong>anceps</strong></span> <span class='ocrx_word' id='word_1_98' title='bbox 846 1685 953 1769; x_wconf 86' lang='lat' dir='ltr'><strong>stetit,</strong></span> <span class='ocrx_word' id='word_1_99' title='bbox 981 1685 1044 1757; x_wconf 90' lang='lat' dir='ltr'><strong>sed</strong></span> <span class='ocrx_word' id='word_1_100' title='bbox 1064 1686 1203 1759; x_wconf 85' lang='lat' dir='ltr'><strong>vietum</strong></span> <span class='ocrx_word' id='word_1_101' title='bbox 1278 1774 1287 1785; x_wconf 33' lang='lat'>¹</span> 
     </span>
     <span class='ocr_line' id='line_1_14' title="bbox 121 1809 1204 1905; baseline 0.002 -24"><span class='ocrx_word' id='word_1_102' title='bbox 121 1811 224 1882; x_wconf 86' lang='lat' dir='ltr'><strong>etiam</strong></span> <span class='ocrx_word' id='word_1_103' title='bbox 247 1830 287 1879; x_wconf 87' lang='lat' dir='ltr'><strong>ac</strong></span> <span class='ocrx_word' id='word_1_104' title='bbox 311 1810 488 1882; x_wconf 90' lang='lat' dir='ltr'><strong>desertum</strong></span> <span class='ocrx_word' id='word_1_105' title='bbox 510 1833 530 1881; x_wconf 93' lang='lat' dir='ltr'><strong>a</strong></span> <span class='ocrx_word' id='word_1_106' title='bbox 552 1810 626 1881; x_wconf 92' lang='lat' dir='ltr'><strong>suis</strong></span> <span class='ocrx_word' id='word_1_107' title='bbox 652 1812 725 1882; x_wconf 90' lang='lat' dir='ltr'><strong>sola</strong></span> <span class='ocrx_word' id='word_1_108' title='bbox 744 1833 805 1905; x_wconf 90' lang='lat' dir='ltr'><strong>per</strong></span> <span class='ocrx_word' id='word_1_109' title='bbox 829 1832 950 1881; x_wconf 89' lang='lat' dir='ltr'><strong>omnes</strong></span> <span class='ocrx_word' id='word_1_110' title='bbox 974 1830 1077 1880; x_wconf 85' lang='lat' dir='ltr'><strong>casus</strong></span> <span class='ocrx_word' id='word_1_111' title='bbox 1097 1809 1204 1883; x_wconf 87' lang='lat' dir='ltr'><strong>inde-</strong></span> 
     </span>
     <span class='ocr_line' id='line_1_15' title="bbox 121 1929 1205 2025; baseline 0 -22"><span class='ocrx_word' id='word_1_112' title='bbox 121 1935 213 2003; x_wconf 84' lang='lat' dir='ltr'><strong>lessa</strong></span> <span class='ocrx_word' id='word_1_113' title='bbox 241 1931 367 2025; x_wconf 87' lang='lat' dir='ltr'><strong>pietate</strong></span> <span class='ocrx_word' id='word_1_114' title='bbox 399 1932 560 2003; x_wconf 87' lang='lat' dir='ltr'><strong>comitata</strong></span> <span class='ocrx_word' id='word_1_115' title='bbox 593 1942 659 2012; x_wconf 90' lang='lat' dir='ltr'><strong>ost,</strong></span> <span class='ocrx_word' id='word_1_116' title='bbox 694 1933 852 2020; x_wconf 86' lang='lat' dir='ltr'><strong>neglecta</strong></span> <span class='ocrx_word' id='word_1_117' title='bbox 879 1952 947 2021; x_wconf 86' lang='lat' dir='ltr'><strong>qua</strong></span> <span class='ocrx_word' id='word_1_118' title='bbox 975 1929 1205 2020; x_wconf 78' lang='lat' dir='ltr'><strong>singulariter</strong></span> 
     </span>
     <span class='ocr_line' id='line_1_16' title="bbox 124 2050 1204 2148; baseline 0 -23"><span class='ocrx_word' id='word_1_119' title='bbox 124 2052 277 2148; x_wconf 89' lang='lat' dir='ltr'><strong>pollebat</strong></span> <span class='ocrx_word' id='word_1_120' title='bbox 297 2054 415 2123; x_wconf 83' lang='lat' dir='ltr'><strong>lormae</strong></span> <span class='ocrx_word' id='word_1_121' title='bbox 436 2075 529 2135; x_wconf 87' lang='lat' dir='ltr'><strong>cura,</strong></span> <span class='ocrx_word' id='word_1_122' title='bbox 553 2062 753 2143; x_wconf 87' lang='lat' dir='ltr'><strong>mutatoque</strong></span> <span class='ocrx_word' id='word_1_123' title='bbox 774 2050 906 2135; x_wconf 91' lang='lat' dir='ltr'><strong>habitu,</strong></span> <span class='ocrx_word' id='word_1_124' title='bbox 926 2073 1016 2143; x_wconf 91' lang='lat' dir='ltr'><strong>equo</strong></span> <span class='ocrx_word' id='word_1_125' title='bbox 1036 2062 1071 2122; x_wconf 90' lang='lat' dir='ltr'><strong>et</strong></span> <span class='ocrx_word' id='word_1_126' title='bbox 1089 2055 1204 2125; x_wconf 88' lang='lat' dir='ltr'><strong>armis</strong></span> 
     </span>
     <span class='ocr_line' id='line_1_17' title="bbox 122 2173 1204 2265; baseline -0.001 -17"><span class='ocrx_word' id='word_1_127' title='bbox 122 2188 158 2248; x_wconf 88' lang='lat' dir='ltr'><strong>et</strong></span> <span class='ocrx_word' id='word_1_128' title='bbox 179 2174 355 2247; x_wconf 86' lang='lat' dir='ltr'><strong>laboribus</strong></span> <span class='ocrx_word' id='word_1_129' title='bbox 373 2176 506 2246; x_wconf 90' lang='lat' dir='ltr'><strong>eunetis</strong></span> <span class='ocrx_word' id='word_1_130' title='bbox 527 2176 724 2245; x_wconf 79' lang='lat' dir='ltr'><strong>assuefacto</strong></span> <span class='ocrx_word' id='word_1_131' title='bbox 743 2194 896 2265; x_wconf 81' lang='lat' dir='ltr'><strong>corpore,</strong></span> <span class='ocrx_word' id='word_1_132' title='bbox 915 2173 1008 2264; x_wconf 89' lang='lat' dir='ltr'><strong>quod</strong></span> <span class='ocrx_word' id='word_1_133' title='bbox 1028 2177 1117 2245; x_wconf 87' lang='lat' dir='ltr'><strong>inter</strong></span> <span class='ocrx_word' id='word_1_134' title='bbox 1131 2174 1204 2247; x_wconf 87' lang='lat' dir='ltr'><strong>de-</strong></span> 
     </span>
     <span class='ocr_line' id='line_1_18' title="bbox 122 2297 1201 2389; baseline 0 -18"><span class='ocrx_word' id='word_1_135' title='bbox 122 2301 218 2372; x_wconf 86' lang='lat' dir='ltr'><strong>licias</strong></span> <span class='ocrx_word' id='word_1_136' title='bbox 237 2297 353 2389; x_wconf 89' lang='lat' dir='ltr'><strong>regias</strong></span> <span class='ocrx_word' id='word_1_137' title='bbox 372 2297 557 2368; x_wconf 81' lang='lat' dir='ltr'><strong>educatum</strong></span> <span class='ocrx_word' id='word_1_138' title='bbox 575 2306 660 2381; x_wconf 89' lang='lat' dir='ltr'><strong>erat,</strong></span> <span class='ocrx_word' id='word_1_139' title='bbox 683 2304 820 2387; x_wconf 84' lang='lat' dir='ltr'><strong>gratum</strong></span> <span class='ocrx_word' id='word_1_140' title='bbox 837 2306 982 2388; x_wconf 85' lang='lat' dir='ltr'><strong>prorsus</strong></span> <span class='ocrx_word' id='word_1_141' title='bbox 1001 2307 1038 2368; x_wconf 88' lang='lat' dir='ltr'><strong>et</strong></span> <span class='ocrx_word' id='word_1_142' title='bbox 1054 2297 1201 2371; x_wconf 87' lang='lat' dir='ltr'><strong>unicum</strong></span> 
     </span>
     <span class='ocr_line' id='line_1_19' title="bbox 122 2418 1200 2510; baseline 0 -17"><span class='ocrx_word' id='word_1_143' title='bbox 122 2424 169 2493; x_wconf 93' lang='lat' dir='ltr'><strong>illi</strong></span> <span class='ocrx_word' id='word_1_144' title='bbox 195 2421 321 2493; x_wconf 86' lang='lat' dir='ltr'><strong>afflicto</strong></span> <span class='ocrx_word' id='word_1_145' title='bbox 346 2418 420 2510; x_wconf 87' lang='lat' dir='ltr'><strong>regi</strong></span> <span class='ocrx_word' id='word_1_146' title='bbox 447 2420 606 2491; x_wconf 89' lang='lat' dir='ltr'><strong>solatium</strong></span> <span class='ocrx_word' id='word_1_147' title='bbox 634 2418 668 2490; x_wconf 91' lang='lat' dir='ltr'><strong>in</strong></span> <span class='ocrx_word' id='word_1_148' title='bbox 693 2418 861 2491; x_wconf 85' lang='lat' dir='ltr'><strong>extremis</strong></span> <span class='ocrx_word' id='word_1_149' title='bbox 889 2419 1039 2491; x_wconf 87' lang='lat' dir='ltr'><strong>miseriis</strong></span> <span class='ocrx_word' id='word_1_150' title='bbox 1064 2421 1200 2493; x_wconf 88' lang='lat' dir='ltr'><strong>eoniux</strong></span> 
     </span>
     <span class='ocr_line' id='line_1_20' title="bbox 120 2542 1197 2638; baseline -0.003 -21"><span class='ocrx_word' id='word_1_151' title='bbox 120 2547 204 2620; x_wconf 77' lang='lat' dir='ltr'><strong>luit?</strong></span> <span class='ocrx_word' id='word_1_152' title='bbox 219 2542 323 2638; x_wconf 83' lang='lat' dir='ltr'><strong>Apud</strong></span> <span class='ocrx_word' id='word_1_153' title='bbox 334 2545 470 2626; x_wconf 81' lang='lat' dir='ltr'><strong>Poenos,</strong></span> <span class='ocrx_word' id='word_1_154' title='bbox 490 2542 581 2636; x_wconf 89' lang='lat' dir='ltr'><strong>apud</strong></span> <span class='ocrx_word' id='word_1_155' title='bbox 593 2543 860 2616; x_wconf 85' lang='lat' dir='ltr'><strong>Lacedaemonos</strong></span> <span class='ocrx_word' id='word_1_156' title='bbox 878 2542 972 2637; x_wconf 89' lang='lat' dir='ltr'><strong>apud</strong></span> <span class='ocrx_word' id='word_1_157' title='bbox 985 2542 1197 2629; x_wconf 79' lang='lat' dir='ltr'><strong>Themeres,</strong></span> 
     </span>
     <span class='ocr_line' id='line_1_21' title="bbox 121 2664 1198 2763; baseline -0.004 -23"><span class='ocrx_word' id='word_1_158' title='bbox 121 2669 216 2763; x_wconf 87' lang='lat' dir='ltr'><strong>apud</strong></span> <span class='ocrx_word' id='word_1_159' title='bbox 247 2667 406 2739; x_wconf 86' lang='lat' dir='ltr'><strong>Cimbros</strong></span> <span class='ocrx_word' id='word_1_160' title='bbox 442 2664 722 2739; x_wconf 83' lang='lat' dir='ltr'><strong>bellicosissimas</strong></span> <span class='ocrx_word' id='word_1_161' title='bbox 756 2678 879 2757; x_wconf 79' lang='lat' dir='ltr'><strong>gentes</strong></span> <span class='ocrx_word' id='word_1_162' title='bbox 914 2664 1123 2757; x_wconf 88' lang='lat' dir='ltr'><strong>quibusdam</strong></span> <span class='ocrx_word' id='word_1_163' title='bbox 1159 2664 1198 2737; x_wconf 92' lang='lat' dir='ltr'><strong>in</strong></span> 
     </span>
     <span class='ocr_line' id='line_1_22' title="bbox 122 2787 1199 2881; baseline 0 -24"><span class='ocrx_word' id='word_1_164' title='bbox 122 2791 249 2881; x_wconf 84' lang='lat' dir='ltr'><strong>praeliis</strong></span> <span class='ocrx_word' id='word_1_165' title='bbox 271 2790 463 2860; x_wconf 91' lang='lat' dir='ltr'><strong>animosius</strong></span> <span class='ocrx_word' id='word_1_166' title='bbox 484 2788 649 2858; x_wconf 89' lang='lat' dir='ltr'><strong>mulieres</strong></span> <span class='ocrx_word' id='word_1_167' title='bbox 670 2788 796 2878; x_wconf 80' lang='lat' dir='ltr'><strong>egisse,</strong></span> <span class='ocrx_word' id='word_1_168' title='bbox 815 2808 919 2878; x_wconf 87' lang='lat' dir='ltr'><strong>quam</strong></span> <span class='ocrx_word' id='word_1_169' title='bbox 934 2787 1040 2872; x_wconf 89' lang='lat' dir='ltr'><strong>viros,</strong></span> <span class='ocrx_word' id='word_1_170' title='bbox 1056 2789 1199 2859; x_wconf 91' lang='lat' dir='ltr'><strong>notissi-</strong></span> 
     </span>
     <span class='ocr_line' id='line_1_23' title="bbox 122 2908 1197 3003; baseline 0.002 -22"><span class='ocrx_word' id='word_1_171' title='bbox 122 2931 190 2981; x_wconf 84' lang='lat' dir='ltr'><strong>mae</strong></span> <span class='ocrx_word' id='word_1_172' title='bbox 206 2912 394 3003; x_wconf 90' lang='lat' dir='ltr'><strong>loquuntur</strong></span> <span class='ocrx_word' id='word_1_173' title='bbox 411 2909 579 2982; x_wconf 81' lang='lat' dir='ltr'><strong>historiae.</strong></span> <span class='ocrx_word' id='word_1_174' title='bbox 597 2911 722 3001; x_wconf 85' lang='lat' dir='ltr'><strong>hlagna</strong></span> <span class='ocrx_word' id='word_1_175' title='bbox 739 2908 831 2980; x_wconf 82' lang='lat' dir='ltr'><strong>haeo:</strong></span> <span class='ocrx_word' id='word_1_176' title='bbox 851 2911 980 2982; x_wconf 86' lang='lat' dir='ltr'><strong>maiora</strong></span> <span class='ocrx_word' id='word_1_177' title='bbox 996 2912 1072 2983; x_wconf 87' lang='lat' dir='ltr'><strong>alia.</strong></span> <span class='ocrx_word' id='word_1_178' title='bbox 1092 2909 1197 3003; x_wconf 85' lang='lat' dir='ltr'><strong>dpud</strong></span> 
     </span>
     <span class='ocr_line' id='line_1_24' title="bbox 122 3030 1195 3125; baseline 0.001 -24"><span class='ocrx_word' id='word_1_179' title='bbox 122 3031 287 3125; x_wconf 82' lang='lat' dir='ltr'><strong>Assyrios</strong></span> <span class='ocrx_word' id='word_1_180' title='bbox 308 3030 507 3103; x_wconf 84' lang='lat' dir='ltr'><strong>Semiramis</strong></span> <span class='ocrx_word' id='word_1_181' title='bbox 528 3054 596 3103; x_wconf 90' lang='lat' dir='ltr'><strong>non</strong></span> <span class='ocrx_word' id='word_1_182' title='bbox 621 3033 779 3122; x_wconf 84' lang='lat' dir='ltr'><strong>regnavit</strong></span> <span class='ocrx_word' id='word_1_183' title='bbox 799 3032 909 3116; x_wconf 88' lang='lat' dir='ltr'><strong>modo,</strong></span> <span class='ocrx_word' id='word_1_184' title='bbox 933 3035 996 3106; x_wconf 91' lang='lat' dir='ltr'><strong>sed</strong></span> <span class='ocrx_word' id='word_1_185' title='bbox 1016 3035 1141 3105; x_wconf 89' lang='lat' dir='ltr'><strong>mirum</strong></span> <span class='ocrx_word' id='word_1_186' title='bbox 1159 3033 1195 3102; x_wconf 92' lang='lat' dir='ltr'><strong>in</strong></span> 
     </span>
     <span class='ocr_line' id='line_1_25' title="bbox 122 3153 1196 3259; baseline 0.005 -35"><span class='ocrx_word' id='word_1_187' title='bbox 122 3155 264 3225; x_wconf 90' lang='lat' dir='ltr'><strong>modum</strong></span> <span class='ocrx_word' id='word_1_188' title='bbox 298 3156 479 3249; x_wconf 86' lang='lat' dir='ltr'><strong>prolatavit</strong></span> <span class='ocrx_word' id='word_1_189' title='bbox 511 3155 680 3246; x_wconf 86' lang='lat' dir='ltr'><strong>auxitque</strong></span> <span class='ocrx_word' id='word_1_190' title='bbox 712 3155 807 3247; x_wconf 87' lang='lat' dir='ltr'><strong>regni</strong></span> <span class='ocrx_word' id='word_1_191' title='bbox 843 3153 941 3242; x_wconf 88' lang='lat' dir='ltr'><strong>fines,</strong></span> <span class='ocrx_word' id='word_1_192' title='bbox 975 3157 1068 3259; x_wconf 86' lang='lat' dir='ltr'><strong>Indis</strong></span> <span class='ocrx_word' id='word_1_193' title='bbox 1089 3167 1196 3248; x_wconf 76' lang='lat' dir='ltr'><strong>uuyue</strong></span> 
     </span>
    </p>

    <p class='ocr_par' dir='ltr' id='par_1_3' title="bbox 23 3276 1193 3492">
     <span class='ocr_line' id='line_1_26' title="bbox 123 3276 1193 3373; baseline 0.006 -27"><span class='ocrx_word' id='word_1_194' title='bbox 123 3276 341 3372; x_wconf 90' lang='lat' dir='ltr'><strong>AEthiopibus</strong></span> <span class='ocrx_word' id='word_1_195' title='bbox 362 3280 502 3350; x_wconf 81' lang='lat' dir='ltr'><strong>vexatis</strong></span> <span class='ocrx_word' id='word_1_196' title='bbox 522 3278 623 3350; x_wconf 86' lang='lat' dir='ltr'><strong>bello.</strong></span> <span class='ocrx_word' id='word_1_197' title='bbox 645 3277 855 3372; x_wconf 75' lang='lat' dir='ltr'><strong>Babylonem</strong></span> <span class='ocrx_word' id='word_1_198' title='bbox 871 3280 991 3372; x_wconf 82' lang='lat' dir='ltr'><strong>prima,</strong></span> <span class='ocrx_word' id='word_1_199' title='bbox 1006 3280 1098 3371; x_wconf 87' lang='lat' dir='ltr'><strong>quod</strong></span> <span class='ocrx_word' id='word_1_200' title='bbox 1116 3282 1193 3373; x_wconf 91' lang='lat' dir='ltr'><strong>qui-</strong></span> 
     </span>
     <span class='ocr_line' id='line_1_27' title="bbox 23 3376 1193 3492; baseline 0.008 -24"><span class='ocrx_word' id='word_1_201' title='bbox 23 3376 30 3387; x_wconf 55' lang='grc'><strong>’</strong></span> <span class='ocrx_word' id='word_1_202' title='bbox 123 3399 270 3470; x_wconf 89' lang='lat' dir='ltr'><strong>busdam</strong></span> <span class='ocrx_word' id='word_1_203' title='bbox 305 3403 431 3492; x_wconf 82' lang='lat' dir='ltr'><strong>placet,</strong></span> <span class='ocrx_word' id='word_1_204' title='bbox 462 3403 629 3483; x_wconf 86' lang='lat' dir='ltr'><strong>condidit;</strong></span> <span class='ocrx_word' id='word_1_205' title='bbox 661 3401 755 3492; x_wconf 85' lang='lat' dir='ltr'><strong>quod</strong></span> <span class='ocrx_word' id='word_1_206' title='bbox 782 3425 881 3472; x_wconf 89' lang='lat' dir='ltr'><strong>nemo</strong></span> <span class='ocrx_word' id='word_1_207' title='bbox 913 3404 1057 3488; x_wconf 88' lang='lat' dir='ltr'><strong>dubitat,</strong></span> <span class='ocrx_word' id='word_1_208' title='bbox 1093 3428 1193 3477; x_wconf 90' lang='lat' dir='ltr'><strong>muro</strong></span> 
     </span>
    </p>
   </div>
   <div class='ocr_carea' id='block_1_3' title="bbox 122 3523 1193 4112">
    <p class='ocr_par' dir='ltr' id='par_1_4' title="bbox 122 3523 1193 4112">
     <span class='ocr_line' id='line_1_28' title="bbox 122 3523 1191 3620; baseline 0.006 -29"><span class='ocrx_word' id='word_1_209' title='bbox 122 3523 231 3594; x_wconf 87' lang='lat' dir='ltr'><strong>cinxit</strong></span> <span class='ocrx_word' id='word_1_210' title='bbox 255 3524 479 3617; x_wconf 86' lang='lat' dir='ltr'><strong>amplissimo.</strong></span> <span class='ocrx_word' id='word_1_211' title='bbox 512 3526 618 3596; x_wconf 86' lang='lat' dir='ltr'><strong>Cuius</strong></span> <span class='ocrx_word' id='word_1_212' title='bbox 653 3524 749 3595; x_wconf 90' lang='lat' dir='ltr'><strong>urbis</strong></span> <span class='ocrx_word' id='word_1_213' title='bbox 778 3525 915 3620; x_wconf 86' lang='lat' dir='ltr'><strong>inopina</strong></span> <span class='ocrx_word' id='word_1_214' title='bbox 947 3527 1086 3599; x_wconf 88' lang='lat' dir='ltr'><strong>rebellio</strong></span> <span class='ocrx_word' id='word_1_215' title='bbox 1113 3552 1191 3599; x_wconf 88' lang='lat' dir='ltr'><strong>eum</strong></span> 
     </span>
     <span class='ocr_line' id='line_1_29' title="bbox 123 3644 1193 3738; baseline 0.007 -22"><span class='ocrx_word' id='word_1_216' title='bbox 123 3644 189 3716; x_wconf 91' lang='lat' dir='ltr'><strong>sihi</strong></span> <span class='ocrx_word' id='word_1_217' title='bbox 212 3647 335 3738; x_wconf 86' lang='lat' dir='ltr'><strong>capitis</strong></span> <span class='ocrx_word' id='word_1_218' title='bbox 362 3648 467 3719; x_wconf 90' lang='lat' dir='ltr'><strong>cultui</strong></span> <span class='ocrx_word' id='word_1_219' title='bbox 494 3648 707 3720; x_wconf 89' lang='lat' dir='ltr'><strong>muliebriter</strong></span> <span class='ocrx_word' id='word_1_220' title='bbox 735 3648 872 3721; x_wconf 85' lang='lat' dir='ltr'><strong>intentae</strong></span> <span class='ocrx_word' id='word_1_221' title='bbox 899 3652 1013 3723; x_wconf 89' lang='lat' dir='ltr'><strong>subito</strong></span> <span class='ocrx_word' id='word_1_222' title='bbox 1039 3655 1193 3724; x_wconf 88' lang='lat' dir='ltr'><strong>nuntiata</strong></span> 
     </span>
     <span class='ocr_line' id='line_1_30' title="bbox 122 3771 1193 3853; baseline 0.01 -15"><span class='ocrx_word' id='word_1_223' title='bbox 122 3780 225 3852; x_wconf 87' lang='lat' dir='ltr'><strong>osset,</strong></span> <span class='ocrx_word' id='word_1_224' title='bbox 252 3783 367 3841; x_wconf 87' lang='lat' dir='ltr'><strong>tantus</strong></span> <span class='ocrx_word' id='word_1_225' title='bbox 389 3773 493 3842; x_wconf 87' lang='lat' dir='ltr'><strong>animi</strong></span> <span class='ocrx_word' id='word_1_226' title='bbox 513 3772 664 3844; x_wconf 80' lang='lat' dir='ltr'><strong>lmrninei</strong></span> <span class='ocrx_word' id='word_1_227' title='bbox 680 3771 871 3853; x_wconf 89' lang='lat' dir='ltr'><strong>ardorluit,</strong></span> <span class='ocrx_word' id='word_1_228' title='bbox 895 3785 932 3844; x_wconf 95' lang='lat' dir='ltr'><strong>ut</strong></span> <span class='ocrx_word' id='word_1_229' title='bbox 951 3777 1058 3846; x_wconf 83' lang='lat' dir='ltr'><strong>altera</strong></span> <span class='ocrx_word' id='word_1_230' title='bbox 1079 3801 1193 3849; x_wconf 91' lang='lat' dir='ltr'><strong>eoma-</strong></span> 
     </span>
     <span class='ocr_line' id='line_1_31' title="bbox 123 3896 1193 3989; baseline 0.009 -29"><span class='ocrx_word' id='word_1_231' title='bbox 123 3915 198 3965; x_wconf 94' lang='lat' dir='ltr'><strong>rum</strong></span> <span class='ocrx_word' id='word_1_232' title='bbox 219 3904 316 3988; x_wconf 89' lang='lat' dir='ltr'><strong>parte</strong></span> <span class='ocrx_word' id='word_1_233' title='bbox 339 3896 538 3988; x_wconf 88' lang='lat' dir='ltr'><strong>composita,</strong></span> <span class='ocrx_word' id='word_1_234' title='bbox 556 3897 664 3966; x_wconf 86' lang='lat' dir='ltr'><strong>altera</strong></span> <span class='ocrx_word' id='word_1_235' title='bbox 686 3906 801 3964; x_wconf 89' lang='lat' dir='ltr'><strong>autom</strong></span> <span class='ocrx_word' id='word_1_236' title='bbox 820 3896 933 3967; x_wconf 89' lang='lat' dir='ltr'><strong>adhue</strong></span> <span class='ocrx_word' id='word_1_237' title='bbox 954 3920 1084 3989; x_wconf 87' lang='lat' dir='ltr'><strong>sparsa,</strong></span> <span class='ocrx_word' id='word_1_238' title='bbox 1105 3902 1193 3970; x_wconf 89' lang='lat' dir='ltr'><strong>sieut</strong></span> 
     </span>
     <span class='ocr_line' id='line_1_32' title="bbox 122 4017 1192 4112; baseline 0.006 -26"><span class='ocrx_word' id='word_1_239' title='bbox 122 4029 206 4103; x_wconf 86' lang='lat' dir='ltr'><strong>erat,</strong></span> <span class='ocrx_word' id='word_1_240' title='bbox 221 4019 326 4089; x_wconf 89' lang='lat' dir='ltr'><strong>armis</strong></span> <span class='ocrx_word' id='word_1_241' title='bbox 341 4021 500 4112; x_wconf 88' lang='lat' dir='ltr'><strong>arreptis,</strong></span> <span class='ocrx_word' id='word_1_242' title='bbox 513 4018 557 4091; x_wconf 92' lang='lat' dir='ltr'><strong>ad</strong></span> <span class='ocrx_word' id='word_1_243' title='bbox 570 4017 841 4111; x_wconf 81' lang='lat' dir='ltr'><strong>expugnandam</strong></span> <span class='ocrx_word' id='word_1_244' title='bbox 860 4017 1034 4112; x_wconf 80' lang='lat' dir='ltr'><strong>Babylona</strong></span> <span class='ocrx_word' id='word_1_245' title='bbox 1051 4038 1192 4096; x_wconf 88' lang='lat' dir='ltr'><strong>conten-</strong></span> 
     </span>
    </p>
   </div>
   <div class='ocr_carea' id='block_1_4' title="bbox 0 0 1340 4688">
    <p class='ocr_par' dir='ltr' id='par_1_5' title="bbox 0 0 1340 4688">
     <span class='ocr_line' id='line_1_33' title="bbox 0 0 1340 4688; baseline 0 0"><span class='ocrx_word' id='word_1_246' title='bbox 0 0 1340 4688; x_wconf 95' lang='lat' dir='ltr'><strong> </strong></span> 
     </span>
    </p>
   </div>
  </div>
 </body>
</html>
