2670 4688
119 288 179 349 loll
581 298 751 349 vltnrtnuu

122 461 191 520 rna,
213 439 354 509 nomina
375 435 482 509 rebus
499 439 556 508 vel
579 441 742 511 auferant
772 444 838 514 vel
870 443 1083 539 imponant:
1102 450 1194 542 qualo

122 560 229 631 ctiam
264 578 369 631 senes
404 567 542 631 nostros
562 561 862 637 modestissimos
895 567 1104 655 hominum,
1122 581 1193 642 tam

125 692 267 776 propter
284 681 472 774 potentiam
489 692 594 774 atque
611 703 704 777 open,
726 684 884 776 quibus,
914 700 1017 764 teste
1034 694 1135 779 Livio,
1149 706 1208 781 ut,

123 805 238 898 ipsum
265 822 445 875 romanum
466 802 651 896 imperium
677 804 904 893 floruerunt,
939 816 1098 905 geminis
1120 834 1192 906 aqu

126 925 224 998 ribus
243 923 372 1017 quibus
398 925 507 997 ltaliae
531 946 657 1017 magua
678 947 761 1018 pars
780 930 977 1022 cingitur,
1003 938 1137 1009 nomina
1147 955 1191 1027 qu

125 1044 241 1117 adhuc
265 1044 404 1126 durant,
427 1053 478 1117 tot
497 1045 627 1117 circum
654 1046 786 1117 litoreis
815 1053 1011 1138 gentibus
1039 1057 1119 1126 nihil
1134 1054 1209 1127 ollr'

126 1166 310 1247 etantibuS,
326 1164 536 1258 imposuisse
557 1167 790 1238 meminimus.
806 1169 877 1241 His
906 1186 1004 1248 ante
1022 1179 1188 1273 proposito

126 1289 301 1373 decursis,
323 1289 461 1360 adrem
481 1291 595 1362 venio.
614 1292 768 1381 Legatos
785 1290 859 1364 iste
881 1295 934 1368 de
952 1301 1082 1385 latere,
1096 1301 1201 1395 quiin

128 1412 225 1483 solus
242 1409 373 1483 mundo
390 1410 540 1503 patiente
562 1431 687 1482 nomeu
714 1409 780 1482 hoc
800 1411 935 1503 habet,
963 1422 1096 1495 XVlll.
1113 1424 1188 1494 Kale

127 1533 192 1605 das
213 1531 375 1605 Octobris
392 1532 622 1606 Mediolanum
649 1530 753 1605 obvio
772 1533 930 1612 domino
945 1554 990 1614 et
1003 1545 1188 1640 magnato*

127 1655 257 1727 britate
274 1653 392 1750 populi
418 1655 567 1727 laventis
597 1656 778 1747 ingressus
807 1667 883 1740 est3
919 1665 988 1736 cui
1016 1689 1090 1761 ego
1119 1666 1187 1739 netu

130 1799 200 1871 qua
222 1767 527 1850 recticoniosioue
547 1777 676 1861 iudicii,
704 1787 742 1848 ut
769 1798 826 1848 me
853 1779 1053 1860 urbanum
1075 1787 1187 1863 ostent

130 1923 219 1984 rem,
240 1900 335 1994 quod
360 1923 430 1974 non
456 1922 550 1984 sum,
577 1921 642 1971 nec
665 1920 746 1970 csse
769 1897 898 1988 velim,
931 1929 1067 2003 neque
1085 1910 1186 1985 sireli

128 2031 253 2094 natura
295 2023 469 2115 permittet
501 2042 594 2104 mea,
628 2040 852 2116 praegressus
896 2028 1019 2116 alios,
1065 2033 1187 2106 ricinos

127 2151 226 2237 porta
244 2143 290 2214 ad
308 2144 499 2215 secundum
518 2145 605 2216 forte
634 2142 781 2236 lapidem
802 2163 1025 2237 occurrens,
1055 2156 1188 2238 didicis

129 2283 198 2333 nou
220 2273 324 2334 antea
339 2262 559 2350 didicissem,
578 2286 680 2358 quam
709 2264 754 2336 sit
768 2285 888 2336 rerum
913 2278 1191 2351 naturaliunn

129 2384 207 2477 gilio
224 2407 264 2458 ac
285 2385 441 2461 lubricus
468 2396 591 2461 slatus.
618 2390 704 2461 Cum
733 2387 826 2457 enim
858 2390 1044 2480 ingentes
1083 2400 1193 2497 pulveri

130 2508 235 2600 globi,
258 2519 413 2583 rotarum
433 2520 538 2604 atque
556 2507 820 2603 quadrupedum
842 2510 1058 2600 agitatione
1071 2518 1195 2598 cornuto¹

128 2633 228 2704 sosoa
247 2632 340 2706 nube
359 2635 486 2705 coelum
507 2635 685 2727 solemque
712 2631 893 2716 texissent,
917 2656 1135 2736 conspectu
1154 2636 1214 2745 no}

129 2764 189 2826 tuo
204 2766 339 2849 erepto,
360 2765 480 2827 contra
507 2776 638 2826 morem
662 2775 791 2836 meum,
816 2753 862 2824 ita
884 2776 945 2827 mc
971 2768 1199 2842 matusalan

128 2874 166 2945 lit
187 2898 300 2961 error,
321 2876 448 2949 inseror
481 2877 515 2947 in
549 2874 700 2946 mediam
731 2874 923 2946 cohortem.
963 2880 1018 2955 At
1052 2891 1125 2961 vix
1151 2888 1201 2961 dil

128 3007 165 3070 ct
184 2997 320 3070 reddita
338 3000 465 3082 salute,
479 2996 529 3068 sic
543 2996 660 3092 pulvis
676 2996 830 3067 omnium
847 2997 974 3070 lauces
995 3015 1038 3076 et
1058 3032 1129 3085 ora
1141 3032 1204 3085 onn-

128 3121 299 3213 pleverat,
317 3117 524 3211 aridumque
545 3120 772 3212 praecluserat
785 3116 881 3190 vocis
896 3119 981 3205 iter,
1007 3140 1050 3200 ut
1070 3134 1159 3207 dum
1173 3148 1206 3203 nt

129 3242 366 3333 recolligentem
383 3261 452 3335 quo
471 3250 507 3311 et
531 3240 609 3314 aliis
630 3261 809 3333 parcerem
830 3247 866 3311 et
887 3241 991 3328 mihi,
1018 3270 1208 3349 equusque

128 3362 284 3435 vehebar
299 3372 337 3433 et
357 3362 432 3457 ipse
451 3364 562 3434 oculis
580 3371 715 3454 captus,
739 3359 1002 3455 postremisque
1018 3374 1210 3462 pedibusin

15 3570 19 3575 ,
128 3488 307 3580 praealtam
338 3486 435 3558 iuxta
474 3485 568 3557 viam
607 3487 744 3556 ioveam
774 3483 946 3577 dilapsae,
986 3507 1130 3570 omnes
1168 3493 1212 3590 qni

128 3609 274 3683 adorant
295 3620 386 3679 metu
406 3617 444 3679 et
459 3607 604 3678 horrore
619 3606 820 3700 complevit,
848 3613 980 3697 praeter
1008 3632 1075 3686 me
1099 3640 1213 3695 unum,

127 3731 292 3825 quiquid
314 3744 448 3801 mecum
469 3739 633 3820 ageretur
646 3728 860 3801 nesciebam:
883 3734 979 3796 tanta
998 3737 1130 3829 caligo
1151 3739 1215 3835 pul
1238 3778 1240 3783 ‚

129 3874 246 3925 verere
265 3852 376 3926 noctis
396 3853 600 3934 incesserat,
622 3871 666 3923 co
680 3850 764 3922 mihi
778 3848 954 3922 molestior
970 3856 1078 3941 quod
1101 3880 1126 3932 a
1147 3864 1216 3935 111oe

128 3977 308 4047 venientes
328 3974 417 4048 oculi
438 3983 522 4049 sunt
539 3974 575 4045 iu
596 3972 750 4046 tenebris
771 3971 954 4068 pigriores.
976 3969 1025 4041 At
1049 3998 1146 4056 vero
1167 3984 1217 4055 illa

131 4098 372 4185 magnanimus
385 4096 606 4181 adolescens,
632 4116 737 4189 quem
754 4093 820 4169 nisi
838 4099 990 4184 coeplam
1011 4106 1216 4178 successio·
