2670 4688
348 327 440 376 trualt
463 323 638 375 vinceluna.
649 342 689 357 ··
700 326 851 377 nrlsroLl
874 328 893 374 1.
1158 313 1176 371 5

93 476 160 535 tem
186 463 408 536 hibernorum
435 465 559 535 solatio
584 461 772 533 leniebant:
804 461 904 533 nobis
939 464 1032 533 nulla
1060 463 1175 554 quies,

91 588 224 658 nullum
247 585 323 657 sine
342 587 496 678 periculo
513 595 665 677 tempus,
686 607 754 654 non
776 584 907 670 bruma,
927 608 995 656 non
1017 584 1177 670 induoiae,

91 729 160 779 nou
178 729 260 781 nox.
278 709 369 779 Nihil
387 729 537 801 usquam
562 708 627 779 tuti
652 706 836 800 pacatique
869 715 935 790 est,
963 708 1106 779 assidue
1132 709 1177 780 de

93 829 206 899 salute
237 839 424 914 certamus,
457 849 595 923 semper
624 830 658 898 in
689 828 763 899 acie
800 839 950 911 stamus,
988 839 1176 911 tentamur,

93 949 393 1036 circumsedimus,
422 950 641 1043 impellimur.
672 951 799 1021 Hostes
819 950 910 1019 intra
937 970 1057 1022 muros
1085 958 1177 1020 sunt.

94 1073 236 1165 lamque
256 1074 379 1142 armati
413 1072 457 1143 ad
487 1073 599 1167 ipsam
626 1071 771 1143 rationis
792 1092 908 1142 arcem
939 1092 1019 1142 sese
1053 1073 1177 1155 ierunt,

94 1194 289 1284 vineasque
304 1193 489 1286 applicant,
510 1194 681 1265 intentant
698 1193 841 1278 arietes,
856 1193 1045 1265 moliuntur
1062 1196 1180 1264 incen-

95 1317 164 1396 dia,
191 1328 305 1388 turres
328 1315 514 1402 scandunt,
539 1340 604 1389 nec
625 1318 692 1390 iam
714 1318 813 1388 aliter
845 1338 950 1410 quam
977 1316 1069 1411 apud
1096 1315 1180 1387 [lion

96 1440 272 1533 quondam
292 1439 429 1513 haerent
447 1439 641 1534 parietibus
662 1442 779 1523 soalae3
799 1441 901 1511 scalae
921 1439 1106 1511 criminum
1119 1461 1181 1533 pa-

96 1561 241 1633 rictibus
262 1564 467 1633 animarum.
489 1563 581 1647 Quid
606 1572 773 1654 expectas
800 1571 839 1633 ut
862 1560 997 1632 diram‘l
1020 1562 1058 1631 ln
1085 1562 1181 1655 ipsas

97 1704 236 1755 mensas
258 1694 397 1755 nostras
418 1694 524 1777 atque
544 1681 670 1756 cubilia
695 1684 890 1778 irrumpunt
915 1693 951 1753 et
976 1685 1011 1753 in
1042 1684 1182 1775 iugulos

98 1815 214 1890 ruunt,
237 1806 400 1898 qnodque
420 1808 620 1899 proximum
645 1807 753 1877 exitio
778 1816 833 1878 est
858 1814 1028 1876 armatum
1055 1805 1184 1875 errori-

75 1927 166 1998 ·bus
187 1929 316 2020 vulgus
332 1950 437 2001 omne
458 1930 588 2000 terrum
610 1940 729 2000 movet
745 1938 780 1999 et
800 1950 863 2022 pro
885 1926 1045 2000 hostibus
1067 1936 1183 2022 partes

98 2048 188 2120 facit.
208 2050 245 2119 ln
266 2049 333 2121 boc
353 2058 422 2120 tarn
444 2049 581 2145 ancipiti
598 2050 756 2144 duroque
773 2051 961 2121 certamine
981 2049 1117 2121 nonnisi
1138 2049 1184 2121 de

99 2174 187 2244 coelo
207 2172 379 2266 speranda
395 2175 540 2244 victoria
561 2184 626 2245 est.
649 2172 733 2244 lnde
752 2195 831 2245 eam
853 2174 962 2244 amice
982 2192 1182 2265 poscamus:

101 2295 235 2366 interca
256 2305 375 2366 tamen
395 2295 454 2366 nbi
485 2298 550 2366 sim
571 2294 697 2367 videns
718 2318 787 2367 nou
808 2296 943 2367 moveri
963 2317 1112 2388 nequeo,
1135 2297 1186 2365 in·

101 2418 310 2507 tardumque
328 2426 398 2486 tam
420 2417 574 2506 graviter
593 2429 632 2487 ut
651 2438 742 2488 meae
759 2418 863 2488 sortis
881 2417 1079 2510 impatiens,
1101 2438 1187 2487 moe-

103 2538 165 2605 stis
192 2559 282 2628 pene
307 2537 428 2603 vincar
454 2536 654 2624 angoribus.
683 2535 876 2604 Aberrasso
902 2539 989 2604 forte
1017 2559 1036 2605 a
1062 2558 1187 2627 propo-

104 2657 170 2727 sito
188 2654 322 2727 videor:
342 2655 420 2725 tulit
432 2655 596 2757 impetus;
616 2656 680 2726 sed
697 2656 813 2726 redeo.
833 2657 896 2725 His
912 2677 998 2746 ergo
1012 2655 1114 2727 bodie
1127 2679 1188 2727 cu-

103 2780 151 2849 ris
172 2777 359 2870 implicitus
379 2797 468 2869 quas
494 2776 579 2846 mibi
601 2777 960 2872 circumstrepentium
982 2802 1098 2850 rerum
1120 2782 1187 2850 sra-

103 2904 166 2992 gdr
196 2900 410 2993 satietasque
443 2909 664 2994 pepererant,
699 2902 782 2971 durn
812 2900 963 2973 thalamo
1002 2902 1184 2993 egredior,

102 3025 282 3116 epistolam
304 3032 398 3094 tuam
419 3022 453 3091 in
476 3022 594 3093 limine
618 3023 758 3094 obviam
782 3022 904 3109 habui,
934 3023 1078 3095 brevem
1111 3024 1188 3116 qui·

103 3143 183 3214 dem
205 3164 225 3211 e
245 3145 348 3234 longa
368 3143 476 3216 veluti
497 3144 777 3238 peregrinatione
798 3145 1026 3228 succinctam3
1048 3164 1127 3238 quae
1148 3144 1188 3213 li-

103 3275 159 3336 cet
178 3264 223 3335 ad
253 3285 309 3334 me
330 3285 410 3337 sero
434 3265 637 3351 admodum,
666 3267 786 3339 nescio
803 3266 931 3360 quibus
953 3266 1111 3338 obicibus
1133 3289 1188 3336 re-

105 3387 239 3461 tardata
258 3391 470 3480 pervenerit,
488 3388 536 3461 ita
549 3400 588 3460 ut
600 3409 680 3484 quae
700 3392 836 3461 nuntiat
855 3389 940 3459 mihi
962 3389 1031 3460 iam
1052 3388 1187 3482 pridem

104 3510 220 3581 omnia
241 3519 323 3580 nota
343 3519 463 3579 essent
476 3511 610 3604 (nempe
624 3535 701 3584 cum
721 3513 858 3583 interim
873 3520 953 3582 ante
966 3510 1042 3581 eius
1056 3509 1188 3581 adven·

107 3643 179 3704 tum
201 3633 321 3703 Caesar
342 3617 461 3702 noster
481 3632 526 3704 de
543 3657 612 3727 quo
632 3636 690 3706 illa
707 3635 870 3727 loquitur,
887 3655 956 3704 non
971 3632 1073 3704 modo
1090 3654 1188 3705 coro

107 3766 209 3827 natus
230 3753 293 3826 sod
309 3756 411 3826 'velut
431 3752 554 3825 umbra
575 3756 632 3826 vel
654 3757 827 3827 somnium
845 3753 947 3825 nobis
969 3752 1106 3825 ablatus
1127 3753 1185 3834 sit,

106 3879 204 3949 cuius
228 3900 296 3970 ego
316 3876 448 3947 abitum
477 3875 587 3947 acutis
614 3897 654 3947 ac
673 3876 816 3948 fervidis
844 3877 967 3947 litteris
993 3896 1189 3970 prosequu-

109 4010 163 4071 tus
185 3999 292 4094 suml:
314 3999 496 4095 epistolam
523 4008 640 4070 tamen
665 4000 776 4095 ipsam
798 4013 865 4071 non
892 3999 991 4071 aliter
1010 4010 1044 4071 et
1071 4019 1188 4072 amore

110 4121 273 4195 mittentis
289 4132 324 4193 et
343 4122 527 4197 dulcedine
544 4142 608 4195 sua
624 4132 745 4216 captus
764 4122 902 4217 aspexi,
922 4146 1026 4217 quarn
1045 4124 1075 4194 si
1097 4141 1187 4193 nova
