2670 4688
308 299 400 348 amun
423 299 732 349 vruesruusrsnrrus.
746 300 948 350 -uersroun
972 302 1034 351 uu.
1156 288 1211 351 ν2οῑ

112 442 219 515 meis
245 443 422 524 iaciemus,
445 462 592 534 quorum
610 440 710 524 mihi,
734 441 799 513 etsi
822 464 892 514 non
911 443 1073 526 nimium,
1096 453 1133 514 at
1151 466 1215 538 pro

132 565 261 657 ingenii
283 586 324 636 ac
349 563 517 634 doctrinae
537 563 651 656 iuopia
672 566 759 635 satis
779 577 848 648 est,
877 564 1005 658 quihus
1034 566 1100 637 etsi
1126 568 1214 638 torte

131 708 256 758 onerer
275 686 390 780 potius
417 706 520 776 quam
548 709 662 770 orner,
690 690 793 778 longa
820 699 935 760 tamen
961 689 1214 761 cousuetudine

131 807 182 879 sic
201 809 345 879 allectus
367 829 456 884 sum,
478 816 516 878 ut
540 809 616 879 sine
630 809 697 879 illis
717 830 799 880 esse
820 811 998 882 nesciam?
1018 813 1078 881 llis
1099 821 1214 882 trans-

129 929 319 1013 vehendis,
347 938 386 999 ut
412 930 528 1014 vides,
555 931 692 1014 Caesar,
724 955 794 1004 uon
823 933 961 1027 Alpium
995 935 1068 1004 sola
1099 931 1214 1005 obstat

130 1053 303 1144 asperitas
329 1062 365 1121 et
390 1053 582 1143 longissimi
611 1052 707 1127 labor
736 1054 885 1138 itineriS,
914 1054 977 1126 sed
1011 1055 1212 1147 praeduuum

130 1186 258 1257 metus,
291 1187 328 1246 et
356 1176 490 1247 viarum
525 1176 618 1248 mille
649 1178 816 1272 pericula,
848 1199 996 1270 quorum
1028 1176 1214 1247 aestimatio

131 1315 227 1390 saepe
244 1295 386 1388 quidem
400 1298 446 1369 ad
460 1298 542 1369 illud
557 1300 723 1393 sapientis
743 1300 963 1372 haebreorum
982 1298 1122 1369 flectere
1139 1297 1213 1369 aui-

130 1439 225 1488 mum
247 1440 301 1488 me
321 1421 427 1509 cogit,
450 1418 510 1491 uhi
531 1433 666 1490 cunctas
682 1444 733 1490 res
753 1421 899 1513 difficiles
919 1421 1112 1517 praegnanti
1134 1420 1211 1492 bre·

129 1542 235 1613 vitate
247 1543 458 1633 pronuntiat.
481 1543 537 1614 Sic
558 1554 613 1614 est
632 1544 738 1629 enim,
760 1556 795 1615 et
815 1546 866 1615 sic
885 1565 967 1617 esse
982 1545 1041 1637 qui
1059 1542 1209 1624 dubitat,

128 1664 225 1734 vivat
245 1664 364 1748 modo,
383 1672 419 1735 et
439 1674 520 1736 ante
542 1666 678 1736 senium
701 1666 887 1759 intelliget:
905 1688 986 1737 nam
1006 1666 1160 1759 prolecto
1181 1663 1211 1734 si

128 1787 243 1858 senuit
262 1787 447 1858 intellexit:
468 1788 635 1880 alioquin,
657 1810 726 1860 uon
748 1791 875 1873 senuit,
898 1791 980 1860 mihi
1003 1787 1123 1870 crede,
1147 1782 1212 1858 sed

127 1907 282 1991 marcuit,
301 1917 407 2001 atque
423 1910 533 1980 oculis
554 1911 683 1982 clausis
698 1912 762 1981 iter
775 1911 1011 2002 longumegit.
1027 1912 1146 1980 Dicam
1160 1918 1211 1980 ta·

126 2051 206 2102 meu
225 2032 315 2102 iuter
333 2042 384 2103 tot
400 2030 551 2104 difficilia
571 2055 613 2104 ac
630 2036 798 2127 perplexa
817 2032 902 2126 quid
920 2032 1080 2124 cogitem.
1100 2033 1135 2101 Si
1152 2052 1210 2102 ce-

125 2150 229 2223 dente
248 2162 383 2237 aestate,
406 2164 442 2224 et
462 2155 653 2246 superioris
673 2156 740 2226 mei
759 2155 872 2227 fidelis
890 2155 939 2226 tui
956 2175 1160 2238 consensus,
1174 2163 1211 2224 et

125 2275 194 2347 viae
213 2297 331 2346 comes
352 2277 536 2361 adfuerint,
559 2279 691 2363 venire,
713 2292 949 2372 quantamque
968 2276 1028 2349 tibi
1045 2276 1208 2370 placitum

126 2418 257 2474 moram
274 2396 423 2479 trahere,
438 2410 472 2469 et
487 2397 653 2471 librorum
666 2413 704 2471 et
716 2402 886 2473 sodalium
900 2411 935 2472 et
950 2400 1071 2492 patriae
1085 2398 1209 2471 absen-

127 2518 208 2588 tiam
231 2521 306 2588 sola
323 2519 471 2589 Caesarei
492 2522 609 2590 vultus
628 2534 744 2613 optata
763 2524 909 2593 multum
923 2521 1008 2592 mihi
1021 2521 1208 2617 praesentia

127 2638 310 2710 consolari.
334 2639 421 2709 Vive
444 2639 591 2711 feliciter
610 2653 644 2712 et
664 2644 757 2726 vale,
780 2644 914 2725 Caesar,
934 2643 1043 2712 nostri
1063 2661 1206 2711 memor.

268 2784 387 2854 Patavii,
404 2784 462 2840 XV.
481 2767 619 2841 Kalendas
633 2786 760 2857 Augusti.

539 3210 718 3274 Etlstoun
746 3212 791 3274 lX.

208 3378 401 3429 Fulnctsuus
422 3379 591 3428 Perfluunt
613 3381 738 3430 CAROLO
760 3382 791 3430 lv
813 3383 876 3431 lttP.
899 3380 972 3433 Auo.
994 3383 1019 3432 S.
1043 3383 1070 3432 P.
1093 3384 1123 3434 Ι).

196 3518 233 3574 Se
248 3519 404 3574 accinctum
418 3522 527 3576 nuntiat
538 3521 631 3577 itineri
646 3523 707 3578 eius
721 3522 829 3578 visendi
840 3523 930 3594 gratia
942 3523 1127 3595 suscipiendo.

227 3742 359 3827 llicisti,
376 3743 503 3827 Caesar,
516 3757 551 3817 et
571 3747 685 3837 longae
705 3749 775 3818 viae
792 3745 956 3818 duritiem
967 3756 1005 3816 et
1018 3765 1203 3817 senescen-

125 3870 170 3938 tis
190 3868 294 3940 animi
316 3868 499 3958 segnitiem
519 3869 621 3957 fregit
641 3868 840 3940 humanitas
858 3881 926 3940 tua.
950 3867 1202 3962 Expectabam,

124 3990 340 4077 differebam,
367 3990 596 4083 dicebamque
625 3992 750 4062 tacitus
779 4013 931 4064 mecum:
961 3991 1123 4087 praeoepti
1150 3992 1204 4062 sui

125 4117 357 4209 promissique
371 4114 438 4187 mei
455 4118 573 4187 lorsau
587 4112 832 4188 obliviscetur:
846 4128 942 4190 certe
953 4114 1205 4209 iuterim-quio·
