2670 4688
122 319 143 379 t
465 325 507 374 ns
528 323 630 372 assus
651 319 873 370 enuntiamus

123 466 267 537 venisse
287 462 530 554 cognovimns.
551 457 690 529 Edundi
710 465 829 526 antem
850 457 884 525 in
911 459 1011 528 malis
1034 473 1071 531 et
1094 460 1208 532 efferri

124 586 242 658 laetitia
261 595 299 655 et
314 582 445 675 gestire
464 593 500 653 et
518 580 580 652 niti
592 591 645 664 et,
660 576 757 671 qnod
770 588 826 648 est
837 578 992 649 omnium
1005 583 1208 675 pessimum,

123 709 279 803 gloriari,
301 728 411 800 prope
430 706 563 776 ultimae
581 686 850 795 desperataeque
870 703 1034 794 nequitias
1056 716 1119 775 est.
1142 709 1210 776 llo-

122 854 200 904 rnm
233 852 320 902 vero
351 832 455 924 plena
486 840 569 900 sunt
592 825 725 909 omnia,
754 824 889 916 bosque
909 823 1000 896 inter
1018 828 1208 900 vivendum

121 967 178 1027 eat
196 952 311 1038 nobis,
332 962 369 1024 et
388 954 418 1023 si
440 952 529 1022 inter
551 950 616 1020 hos
639 959 774 1019 tantum
793 967 834 1017 ac
859 968 927 1018 non
950 950 1055 1019 etiam
1081 973 1128 1020 ex
1154 952 1208 1022 bis

122 1098 259 1159 snmus,
291 1075 382 1146 bene
414 1085 486 1144 est:
521 1092 735 1163 quamquam
763 1070 945 1140 convictos
982 1074 1208 1145 scelestorum

121 1201 227 1271 nullis
247 1199 294 1269 sit
311 1197 487 1268 molestior
507 1213 614 1285 qnam
641 1190 697 1262 his
724 1190 784 1284 qui
807 1190 854 1261 ab
886 1192 1023 1265 illorum
1052 1197 1208 1269 moribus

122 1321 250 1412 insigni
267 1314 550 1391 dissimilitudine
571 1324 810 1385 secernuntur.
836 1312 1018 1408 Utcunque
1034 1330 1099 1403 est,
1120 1319 1210 1392 inter

122 1444 188 1516 hos
208 1442 377 1524 viximus,
396 1450 434 1509 et
457 1437 552 1528 qnod
573 1435 758 1508 Psalmista
780 1437 903 1527 regius
921 1435 1085 1524 deflebat,
1112 1442 1210 1512 inve-

123 1563 315 1634 teravimus
336 1562 426 1633 inter
446 1561 605 1631 inimicos
626 1568 783 1643 nostros,
797 1559 962 1652 quodque
975 1563 1208 1636 miserrimum

122 1685 289 1770 dixerim,
324 1687 414 1756 inter
447 1683 513 1756 hos
546 1681 642 1776 ipsos
675 1681 894 1754 moriendum
923 1693 988 1755 est.
1014 1685 1092 1769 Quo
1116 1690 1208 1758 enim

121 1818 217 1903 patet
233 1810 337 1901 luga?
348 1808 426 1892 Quo
439 1806 568 1876 ibimus
588 1827 658 1898 quo
676 1825 746 1875 non
767 1824 833 1876 nos
849 1788 1097 1881 sceleratorum
1114 1810 1208 1882 acies

121 1954 162 2004 ac
184 1934 283 2023 signa
304 1929 573 2024 praecesserint‘l
595 1927 660 1999 Ubi
684 1950 755 1999 non
781 1928 946 2022 pessimis
967 1931 1122 2003 moribus
1143 1933 1208 2002 im-

122 2054 256 2146 perium
289 2064 430 2146 partum
463 2063 569 2144 atque
599 2046 776 2121 firmatum
812 2050 878 2120 sit‘?
903 2051 1013 2124 Trans
1039 2075 1207 2126 oceanmn

98 2173 358 2265 'navigandum
380 2185 469 2258 erat,
496 2174 564 2243 nisi
592 2175 675 2266 qnia
703 2173 870 2246 credibile
896 2185 951 2246 est
973 2178 1059 2250 vitia
1090 2189 1208 2250 nostra

120 2298 188 2368 iam
211 2297 257 2369 ad
281 2297 474 2391 Antipodas
499 2295 737 2369 descendisse.
759 2296 814 2368 Ad
838 2299 964 2370 coelum
990 2301 1105 2393 potins
1125 2325 1209 2374 evo-

121 2418 277 2505 landum,
311 2420 378 2490 nisi
412 2419 612 2492 nostrised
638 2431 765 2492 terram
792 2419 1007 2516 ponderibus
1032 2443 1209 2517 premere-

121 2564 213 2614 mur:
236 2542 306 2626 illa,
326 2543 355 2613 si
378 2545 465 2615 salvi
485 2565 567 2617 esse
583 2545 757 2639 cupimus,
772 2545 981 2640 deponenda
995 2558 1091 2618 sunt:
1112 2546 1209 2638 quod

122 2664 220 2735 facile
236 2665 331 2734 lactu
350 2675 461 2748 esset,
480 2666 548 2737 nisi
561 2667 645 2758 quia
659 2670 828 2738 malornm
842 2668 1006 2757 exemplo
1017 2665 1205 2749 obruimur,

121 2805 269 2875 quornm
291 2806 373 2856 com
393 2785 609 2855 feracissima
630 2797 718 2856 aetas
740 2796 859 2856 nostra
880 2785 938 2868 sit,
960 2787 1100 2869 utdixi,
1117 2787 1208 2856 lera-

121 2900 195 2971 cior
220 2911 276 2972 est
293 2900 400 2973 etiam
421 2901 595 2992 speranda
620 2901 816 2993 posteritas.
838 2902 1042 2994 Pugnarunt
1065 2901 1205 2994 quidem

124 3024 273 3096 maiores
291 3023 400 3095 nostri
420 3023 594 3094 adversus
620 3024 761 3107 Poenos,
783 3024 941 3097 Cimbros
967 3047 1008 3097 ac
1034 3025 1205 3099 Teutonas

123 3161 161 3219 et
179 3147 379 3229 Britannos,
401 3166 500 3238 aegre
524 3149 581 3216 vel
601 3146 734 3218 ltaliam
760 3145 806 3218 ab
830 3149 1037 3235 Hannibale,
1062 3153 1120 3222 vel
1142 3152 1207 3222 Ca-

123 3270 279 3363 pitolium
294 3292 314 3341 a
327 3266 522 3340 Senonibus
537 3267 781 3353 defenderunt,
797 3273 950 3343 omnium
969 3274 1110 3346 tandem
1122 3293 1207 3342 vera

124 3405 159 3462 et
180 3390 347 3462 indomita
364 3390 494 3462 virtute
515 3391 677 3462 victores.
700 3392 771 3463 Nos
793 3393 823 3462 si
843 3393 999 3486 Capitolii
1021 3393 1130 3464 nostri
1151 3414 1208 3462 ar-

123 3535 211 3596 cem,
235 3536 255 3585 a
277 3522 370 3586 tanto
395 3512 656 3585 barbaricorum
678 3516 843 3585 vitiorum
867 3519 1080 3588 circumfuso
1104 3534 1208 3584 exer-

123 3635 192 3704 citu
213 3633 448 3718 defendimus,
470 3632 514 3706 ad
535 3637 678 3706 tutelam
701 3647 855 3707 nostram
869 3637 1004 3710 coelesti
1016 3635 1099 3705 alite
1111 3634 1207 3703 exci-

126 3757 197 3836 tali,
213 3758 242 3826 si
256 3757 625 3852 circumstrepentibus
639 3759 737 3851 vulgi
749 3759 927 3831 erroribus
942 3761 1084 3829 immota
1096 3759 1206 3827 lronte

127 3879 337 3963 resistimus,
353 3891 388 3951 et
400 3882 528 3952 Manlio
544 3892 580 3952 et
600 3881 707 3953 Mario
728 3892 763 3952 et
783 3882 860 3975 ipso
881 3883 1022 3952 Caesare
1047 3880 1205 3952 fortiores

123 4001 266 4072 erimus.
290 4003 366 4075 lllos
388 4005 480 4074 enim
502 4003 547 4075 ab
568 4003 669 4077 hoste
683 4027 804 4077 murus
818 4005 994 4078 interdum
1008 4006 1205 4098 vallumque

125 4122 322 4209 dirimebat,
342 4148 435 4219 saepe
454 4126 613 4200 noctibus
631 4127 870 4218 quiescebant,
895 4129 1019 4204 hiemis
1039 4128 1207 4222 asperita-
