2670 4688
130 252 188 314 404
447 264 490 313 ΒΕ
511 264 612 314 REBUS
634 264 856 314 renuntiatus

127 401 241 471 aliam.
266 397 357 480 Quid
377 399 551 472 intendam
573 399 698 471 vides?
717 399 804 470 Nam
836 376 889 471 et'
904 420 973 491 ego
997 398 1093 493 (quid
1114 400 1205 472 enim

128 520 190 592 tibi
209 542 267 592 res
288 541 385 593 meas
402 524 511 593 oelem
530 522 626 615 quod
645 544 713 594 non
736 521 861 616 soteo‘t)
883 543 992 616 prope
1010 522 1100 594 alius
1127 545 1208 593 rure

127 642 213 714 mihi
232 643 369 729 videor,
391 644 481 715 alius
502 645 536 715 in
558 642 716 715 urbibus.
743 645 877 739 Nempe
897 644 943 716 ibi
964 656 1124 716 naturam
1151 667 1207 716 se-

126 787 231 859 quor,
269 766 322 837 hic
347 770 519 861 exempta.
557 767 666 859 inque
691 766 758 838 hoo
787 768 940 839 maxime
966 767 1078 839 sentio
1102 789 1208 859 quam

127 888 243 961 adhuc
269 902 423 962 remotus
457 889 537 961 inde
571 890 636 961 sim
666 911 737 980 quo
770 892 977 982 pervenisse
996 892 1065 961 iam
1086 889 1207 969 debui,

129 1011 396 1084 uniformitatem
406 1011 1208 1105 dicovotorumqueconstantiamquamquis-

127 1135 207 1228 quis
227 1135 381 1227 attigerit
397 1144 522 1206 metam
540 1142 647 1216 tenet,
667 1141 703 1203 et
720 1133 755 1201 in
774 1155 879 1225 quem
902 1137 1086 1207 stultorum
1110 1131 1207 1204 navi-

128 1258 223 1348 gatio
236 1280 304 1329 nou
320 1266 478 1350 penetrat
496 1265 609 1338 tutum
626 1277 666 1325 ac
684 1254 857 1347 placidum
878 1254 960 1326 vitae
978 1269 1127 1348 portum.
1145 1254 1208 1324 Vel

127 1380 240 1451 victor
259 1379 375 1470 itaque
395 1380 452 1448 vel
472 1375 622 1447 invictus
638 1374 685 1447 ad
705 1376 836 1468 reliqua
857 1376 894 1446 iu
915 1377 981 1447 hac
1002 1390 1100 1470 parte
1125 1376 1207 1446 beili

128 1499 256 1582 haereo,
279 1510 315 1569 et
333 1499 393 1590 qui
411 1499 505 1588 gulae
519 1517 712 1589 somnoque
738 1498 870 1570 fraenos
893 1495 992 1579 dedi,
1013 1500 1073 1590 qui
1094 1497 1208 1568 lihidi-

128 1640 208 1689 nem
226 1639 296 1688 non
315 1618 477 1702 sraenuvi,
496 1618 561 1690 sed
577 1640 643 1711 ope
659 1618 770 1689 divini
790 1618 880 1690 roris
898 1619 1053 1701 extinxi,
1075 1619 1208 1689 leviora

128 1740 259 1833 aegrius
280 1740 394 1826 dumo,
416 1752 453 1813 et
468 1742 504 1812 iu
521 1761 563 1812 eo
589 1743 669 1834 plus
696 1739 781 1811 mihi
807 1739 938 1830 negotii
963 1739 1138 1831 estquod
1162 1739 1208 1810 ed

127 1884 359 1947 communem,
394 1884 440 1934 ne
470 1863 583 1935 diuam
608 1861 888 1957 philosophicum
921 1862 1033 1934 vestis
1053 1860 1206 1945 modum,

128 1982 192 2056 v'ix
210 1983 295 2057 dum
316 1985 482 2056 inclinare
500 1984 656 2056 animum
676 1983 812 2075 incipio.
834 1981 983 2054 invaluit
1008 1980 1044 2053 in
1063 2003 1121 2051 me
1145 2003 1208 2053 ve-

129 2092 234 2179 tustae
253 2106 518 2178 consuetudinis
538 2105 666 2178 durum
687 2105 820 2198 iugum.
842 2104 881 2174 in
900 2123 971 2197 quo
988 2102 1208 2176 discutiendo

128 2229 249 2322 utique
261 2230 392 2300 multus
406 2249 494 2313 sum,
511 2228 728 2319 multumque
741 2226 842 2298 brevi
856 2224 1207 2319 temporeproseoisse

127 2350 266 2423 videas:
288 2350 335 2423 ita
353 2359 469 2422 tamen
491 2361 530 2422 ut
548 2360 584 2421 et
604 2351 751 2420 multum
771 2357 891 2422 restet.
913 2348 984 2420 Sed
1003 2349 1072 2419 ium
1093 2346 1206 2438 magis

127 2473 300 2545 adversus
320 2472 489 2544 obsoletae
514 2471 684 2566 pudorem
710 2493 817 2565 quum
842 2472 1019 2545 adversus
1039 2468 1205 2564 pretiosae

127 2597 238 2668 vestis
258 2597 395 2668 inanem
415 2597 562 2688 gloriam
578 2597 674 2667 frons
691 2605 797 2689 atque
815 2596 953 2668 animus
972 2603 1054 2666 sunt
1071 2612 1209 2664 armau-

128 2718 184 2800 dir
197 2727 232 2788 et
252 2717 411 2789 fortassis
432 2719 578 2790 efficiam
598 2718 726 2788 necubi
746 2737 958 2808 magnopere
983 2716 1090 2786 armis
1116 2712 1208 2784 indi-

129 2844 243 2925 geant.
267 2836 318 2902 Tu
337 2839 416 2904 vale
434 2835 543 2905 nostri
556 2855 704 2917 memor,
720 2846 755 2903 et
775 2854 837 2905 ora
853 2833 1009 2914 obsecro,
1031 2844 1068 2901 ut
1086 2832 1137 2902 sio
1156 2832 1206 2899 vi-

128 2976 209 3025 vam
230 2952 380 3045 qualiter
399 2955 526 3022 vellem
545 2954 683 3023 vixisse
700 2953 783 3023 dum
805 2952 944 3022 moriar.

270 3094 416 3152 Mediolani
430 3099 508 3150 extra
522 3110 628 3165 muros,
643 3095 705 3150 Vll.
722 3094 789 3151 Idus
803 3095 976 3153 Novembris.
