<?xml version="1.0" encoding="UTF-8"?>
<!DOCTYPE html PUBLIC "-//W3C//DTD XHTML 1.0 Transitional//EN"
    "http://www.w3.org/TR/xhtml1/DTD/xhtml1-transitional.dtd">
<html xmlns="http://www.w3.org/1999/xhtml" xml:lang="en" lang="en">
 <head>
  <title>
</title>
<meta http-equiv="Content-Type" content="text/html;charset=utf-8" />
  <meta name='ocr-system' content='tesseract 3.04.00' />
  <meta name='ocr-capabilities' content='ocr_page ocr_carea ocr_par ocr_line ocrx_word'/>
</head>
<body>
  <div class='ocr_page' id='page_1' title='image "./epistolaederebu01fracgoog_0263.png"; bbox 0 0 2670 4688; ppageno 0'>
   <div class='ocr_carea' id='block_1_1' title="bbox 276 253 1195 338">
    <p class='ocr_par' dir='ltr' id='par_1_1' title="bbox 276 253 1195 338">
     <span class='ocr_line' id='line_1_1' title="bbox 276 253 1195 338; baseline -0.008 -14"><span class='ocrx_word' id='word_1_1' title='bbox 276 275 369 325; x_wconf 78' lang='grc'>61666</span> <span class='ocrx_word' id='word_1_2' title='bbox 391 268 932 330; x_wconf 80' lang='lat' dir='ltr'><strong>vrossmusounnrus.—sursronn</strong></span> <span class='ocrx_word' id='word_1_3' title='bbox 953 268 972 315; x_wconf 86' lang='lat' dir='ltr'><strong>r.</strong></span> <span class='ocrx_word' id='word_1_4' title='bbox 1026 265 1029 269; x_wconf 70' lang='grc'><strong><em>’</em></strong></span> <span class='ocrx_word' id='word_1_5' title='bbox 1104 253 1163 317; x_wconf 75' lang='lat'><strong>255</strong></span> <span class='ocrx_word' id='word_1_6' title='bbox 1193 335 1195 338; x_wconf 25' lang='grc'><strong>,</strong></span> 
     </span>
    </p>
   </div>
   <div class='ocr_carea' id='block_1_2' title="bbox 81 409 1166 1241">
    <p class='ocr_par' dir='ltr' id='par_1_2' title="bbox 81 409 1166 1241">
     <span class='ocr_line' id='line_1_2' title="bbox 83 409 1163 509; baseline -0.006 -24"><span class='ocrx_word' id='word_1_7' title='bbox 83 415 162 486; x_wconf 92' lang='lat' dir='ltr'><strong>mihi</strong></span> <span class='ocrx_word' id='word_1_8' title='bbox 184 418 288 509; x_wconf 92' lang='lat' dir='ltr'><strong>quale</strong></span> <span class='ocrx_word' id='word_1_9' title='bbox 309 426 391 486; x_wconf 92' lang='lat' dir='ltr'><strong>tunc</strong></span> <span class='ocrx_word' id='word_1_10' title='bbox 411 418 537 496; x_wconf 82' lang='lat' dir='ltr'><strong>luerat,</strong></span> <span class='ocrx_word' id='word_1_11' title='bbox 559 434 629 484; x_wconf 90' lang='lat' dir='ltr'><strong>non</strong></span> <span class='ocrx_word' id='word_1_12' title='bbox 649 411 728 482; x_wconf 92' lang='lat' dir='ltr'><strong>dico</strong></span> <span class='ocrx_word' id='word_1_13' title='bbox 748 411 831 481; x_wconf 91' lang='lat' dir='ltr'><strong>dnm</strong></span> <span class='ocrx_word' id='word_1_14' title='bbox 859 410 1042 504; x_wconf 88' lang='lat' dir='ltr'><strong>epistolam</strong></span> <span class='ocrx_word' id='word_1_15' title='bbox 1069 409 1163 479; x_wconf 89' lang='lat' dir='ltr'><strong>illam</strong></span> 
     </span>
     <span class='ocr_line' id='line_1_3' title="bbox 82 530 1166 632; baseline -0.006 -25"><span class='ocrx_word' id='word_1_16' title='bbox 82 537 221 632; x_wconf 84' lang='lat' dir='ltr'><strong>scripsi,</strong></span> <span class='ocrx_word' id='word_1_17' title='bbox 251 537 315 608; x_wconf 91' lang='lat' dir='ltr'><strong>sed</strong></span> <span class='ocrx_word' id='word_1_18' title='bbox 347 536 432 606; x_wconf 91' lang='lat' dir='ltr'><strong>dum</strong></span> <span class='ocrx_word' id='word_1_19' title='bbox 462 533 552 604; x_wconf 89' lang='lat' dir='ltr'><strong>hanc</strong></span> <span class='ocrx_word' id='word_1_20' title='bbox 582 530 737 604; x_wconf 87' lang='lat' dir='ltr'><strong>scribere</strong></span> <span class='ocrx_word' id='word_1_21' title='bbox 770 531 893 621; x_wconf 90' lang='lat' dir='ltr'><strong>incepi.</strong></span> <span class='ocrx_word' id='word_1_22' title='bbox 926 530 1025 601; x_wconf 90' lang='lat' dir='ltr'><strong>Nunc</strong></span> <span class='ocrx_word' id='word_1_23' title='bbox 1045 551 1101 614; x_wconf 87' lang='lat' dir='ltr'><strong>eo,</strong></span> <span class='ocrx_word' id='word_1_24' title='bbox 1128 541 1166 602; x_wconf 90' lang='lat' dir='ltr'><strong>et</strong></span> 
     </span>
     <span class='ocr_line' id='line_1_4' title="bbox 83 653 1165 746; baseline -0.004 -17"><span class='ocrx_word' id='word_1_25' title='bbox 83 659 173 730; x_wconf 89' lang='lat' dir='ltr'><strong>sicut</strong></span> <span class='ocrx_word' id='word_1_26' title='bbox 192 660 347 730; x_wconf 87' lang='lat' dir='ltr'><strong>calamus</strong></span> <span class='ocrx_word' id='word_1_27' title='bbox 368 657 425 729; x_wconf 89' lang='lat' dir='ltr'><strong>hic</strong></span> <span class='ocrx_word' id='word_1_28' title='bbox 445 667 613 738; x_wconf 88' lang='lat' dir='ltr'><strong>movetur,</strong></span> <span class='ocrx_word' id='word_1_29' title='bbox 637 655 688 726; x_wconf 86' lang='lat' dir='ltr'><strong>sic</strong></span> <span class='ocrx_word' id='word_1_30' title='bbox 707 676 775 746; x_wconf 89' lang='lat' dir='ltr'><strong>ego</strong></span> <span class='ocrx_word' id='word_1_31' title='bbox 797 674 952 737; x_wconf 90' lang='lat' dir='ltr'><strong>moveor,</strong></span> <span class='ocrx_word' id='word_1_32' title='bbox 977 653 1040 725; x_wconf 87' lang='lat' dir='ltr'><strong>sed</strong></span> <span class='ocrx_word' id='word_1_33' title='bbox 1057 655 1165 725; x_wconf 92' lang='lat' dir='ltr'><strong>multo</strong></span> 
     </span>
     <span class='ocr_line' id='line_1_5' title="bbox 81 775 1164 876; baseline -0.004 -26"><span class='ocrx_word' id='word_1_34' title='bbox 81 781 258 852; x_wconf 89' lang='lat' dir='ltr'><strong>velocius:</strong></span> <span class='ocrx_word' id='word_1_35' title='bbox 292 779 350 849; x_wconf 90' lang='lat' dir='ltr'><strong>hic</strong></span> <span class='ocrx_word' id='word_1_36' title='bbox 381 779 473 850; x_wconf 91' lang='lat' dir='ltr'><strong>enim</strong></span> <span class='ocrx_word' id='word_1_37' title='bbox 500 779 600 872; x_wconf 81' lang='lat' dir='ltr'><strong>pigre</strong></span> <span class='ocrx_word' id='word_1_38' title='bbox 625 777 768 849; x_wconf 75' lang='lat' dir='ltr'>dictanti</span> <span class='ocrx_word' id='word_1_39' title='bbox 794 778 910 876; x_wconf 87' lang='lat' dir='ltr'><strong>animo</strong></span> <span class='ocrx_word' id='word_1_40' title='bbox 935 775 1164 868; x_wconf 78' lang='lat' dir='ltr'><strong>obsequitur:</strong></span> 
     </span>
     <span class='ocr_line' id='line_1_6' title="bbox 81 899 1166 995; baseline -0.005 -21"><span class='ocrx_word' id='word_1_41' title='bbox 81 925 149 995; x_wconf 90' lang='grc'><strong>636</strong></span> <span class='ocrx_word' id='word_1_42' title='bbox 168 903 252 973; x_wconf 92' lang='lat' dir='ltr'><strong>dum</strong></span> <span class='ocrx_word' id='word_1_43' title='bbox 273 912 408 971; x_wconf 84' lang='lat' dir='ltr'><strong>naturae</strong></span> <span class='ocrx_word' id='word_1_44' title='bbox 426 903 539 992; x_wconf 84' lang='lat' dir='ltr'><strong>legem</strong></span> <span class='ocrx_word' id='word_1_45' title='bbox 562 920 703 992; x_wconf 87' lang='lat' dir='ltr'><strong>sequor,</strong></span> <span class='ocrx_word' id='word_1_46' title='bbox 725 919 889 994; x_wconf 91' lang='lat' dir='ltr'><strong>proper0,</strong></span> <span class='ocrx_word' id='word_1_47' title='bbox 910 919 1030 984; x_wconf 91' lang='lat' dir='ltr'><strong>curro,</strong></span> <span class='ocrx_word' id='word_1_48' title='bbox 1051 899 1166 993; x_wconf 89' lang='lat' dir='ltr'><strong>rapior</strong></span> 
     </span>
     <span class='ocr_line' id='line_1_7' title="bbox 81 1020 1165 1116; baseline -0.002 -21"><span class='ocrx_word' id='word_1_49' title='bbox 81 1024 126 1095; x_wconf 90' lang='lat' dir='ltr'><strong>ad</strong></span> <span class='ocrx_word' id='word_1_50' title='bbox 152 1036 326 1104; x_wconf 83' lang='lat' dir='ltr'><strong>extrema,</strong></span> <span class='ocrx_word' id='word_1_51' title='bbox 362 1021 501 1116; x_wconf 89' lang='lat' dir='ltr'><strong>iamque</strong></span> <span class='ocrx_word' id='word_1_52' title='bbox 534 1023 643 1095; x_wconf 91' lang='lat' dir='ltr'><strong>oculis</strong></span> <span class='ocrx_word' id='word_1_53' title='bbox 678 1035 806 1093; x_wconf 76' lang='grc'>666166]</span> <span class='ocrx_word' id='word_1_54' title='bbox 839 1043 955 1094; x_wconf 90' lang='lat' dir='ltr'><strong>cerno.</strong></span> <span class='ocrx_word' id='word_1_55' title='bbox 989 1020 1165 1114; x_wconf 87' lang='lat' dir='ltr'><strong>Quidquid</strong></span> 
     </span>
     <span class='ocr_line' id='line_1_8' title="bbox 81 1143 1165 1241; baseline 0 -25"><span class='ocrx_word' id='word_1_56' title='bbox 81 1147 210 1241; x_wconf 81' lang='lat' dir='ltr'><strong>placuit</strong></span> <span class='ocrx_word' id='word_1_57' title='bbox 228 1145 398 1240; x_wconf 89' lang='lat' dir='ltr'><strong>displicet,</strong></span> <span class='ocrx_word' id='word_1_58' title='bbox 427 1144 597 1239; x_wconf 90' lang='lat' dir='ltr'><strong>quidquid</strong></span> <span class='ocrx_word' id='word_1_59' title='bbox 622 1145 798 1238; x_wconf 85' lang='lat' dir='ltr'><strong>displicuit</strong></span> <span class='ocrx_word' id='word_1_60' title='bbox 830 1146 952 1238; x_wconf 79' lang='lat' dir='ltr'><strong>piacet.</strong></span> <span class='ocrx_word' id='word_1_61' title='bbox 987 1146 1064 1236; x_wconf 83' lang='lat' dir='ltr'><strong>Ego</strong></span> <span class='ocrx_word' id='word_1_62' title='bbox 1088 1143 1165 1238; x_wconf 89' lang='lat' dir='ltr'><strong>ipse</strong></span> 
     </span>
    </p>
   </div>
   <div class='ocr_carea' id='block_1_3' title="bbox 83 1267 1274 1363">
    <p class='ocr_par' dir='ltr' id='par_1_3' title="bbox 83 1267 1274 1363">
     <span class='ocr_line' id='line_1_9' title="bbox 83 1267 1274 1363; baseline 0.006 -23"><span class='ocrx_word' id='word_1_63' title='bbox 83 1269 166 1340; x_wconf 92' lang='lat' dir='ltr'><strong>mihi</strong></span> <span class='ocrx_word' id='word_1_64' title='bbox 189 1271 317 1363; x_wconf 83' lang='lat' dir='ltr'><strong>placui,</strong></span> <span class='ocrx_word' id='word_1_65' title='bbox 343 1291 400 1340; x_wconf 94' lang='lat' dir='ltr'><strong>me</strong></span> <span class='ocrx_word' id='word_1_66' title='bbox 425 1270 555 1342; x_wconf 86' lang='lat' dir='ltr'><strong>dilexi:</strong></span> <span class='ocrx_word' id='word_1_67' title='bbox 589 1292 695 1352; x_wconf 89' lang='lat' dir='ltr'><strong>nuno,</strong></span> <span class='ocrx_word' id='word_1_68' title='bbox 730 1268 814 1363; x_wconf 91' lang='lat' dir='ltr'><strong>quid</strong></span> <span class='ocrx_word' id='word_1_69' title='bbox 844 1267 980 1340; x_wconf 91' lang='lat' dir='ltr'><strong>dicum‘l</strong></span> <span class='ocrx_word' id='word_1_70' title='bbox 1000 1270 1070 1342; x_wconf 89' lang='lat' dir='ltr'><strong>odi.</strong></span> <span class='ocrx_word' id='word_1_71' title='bbox 1096 1268 1166 1342; x_wconf 86' lang='lat' dir='ltr'><strong>Sed</strong></span> <span class='ocrx_word' id='word_1_72' title='bbox 1273 1344 1274 1347; x_wconf 74' lang='grc'>,</span> 
     </span>
    </p>
   </div>
   <div class='ocr_carea' id='block_1_4' title="bbox 53 1390 1170 4177">
    <p class='ocr_par' dir='ltr' id='par_1_4' title="bbox 82 1390 1166 2342">
     <span class='ocr_line' id='line_1_10' title="bbox 84 1390 1163 1485; baseline 0 -24"><span class='ocrx_word' id='word_1_73' title='bbox 84 1392 255 1463; x_wconf 88' lang='lat' dir='ltr'><strong>mentior:</strong></span> <span class='ocrx_word' id='word_1_74' title='bbox 286 1414 391 1464; x_wconf 89' lang='lat' dir='ltr'><strong>nemo</strong></span> <span class='ocrx_word' id='word_1_75' title='bbox 423 1414 575 1485; x_wconf 88' lang='lat' dir='ltr'><strong>unquam</strong></span> <span class='ocrx_word' id='word_1_76' title='bbox 609 1413 748 1464; x_wconf 83' lang='lat' dir='ltr'><strong>carnem</strong></span> <span class='ocrx_word' id='word_1_77' title='bbox 785 1412 885 1462; x_wconf 86' lang='lat' dir='ltr'><strong>suam</strong></span> <span class='ocrx_word' id='word_1_78' title='bbox 918 1390 999 1464; x_wconf 94' lang='lat' dir='ltr'><strong>odio</strong></span> <span class='ocrx_word' id='word_1_79' title='bbox 1029 1390 1163 1464; x_wconf 85' lang='lat' dir='ltr'><strong>habuit.</strong></span> 
     </span>
     <span class='ocr_line' id='line_1_11' title="bbox 83 1512 1163 1607; baseline -0.003 -22"><span class='ocrx_word' id='word_1_80' title='bbox 83 1515 206 1586; x_wconf 88' lang='lat' dir='ltr'><strong>Dicam</strong></span> <span class='ocrx_word' id='word_1_81' title='bbox 232 1537 301 1586; x_wconf 90' lang='lat' dir='ltr'><strong>uon</strong></span> <span class='ocrx_word' id='word_1_82' title='bbox 327 1536 383 1585; x_wconf 93' lang='lat' dir='ltr'><strong>me</strong></span> <span class='ocrx_word' id='word_1_83' title='bbox 408 1514 541 1606; x_wconf 89' lang='lat' dir='ltr'><strong>diligo‘l</strong></span> <span class='ocrx_word' id='word_1_84' title='bbox 560 1514 598 1586; x_wconf 94' lang='lat' dir='ltr'><strong>ld</strong></span> <span class='ocrx_word' id='word_1_85' title='bbox 618 1535 758 1607; x_wconf 89' lang='lat' dir='ltr'><strong>quoque</strong></span> <span class='ocrx_word' id='word_1_86' title='bbox 777 1535 884 1606; x_wconf 89' lang='lat' dir='ltr'><strong>quam</strong></span> <span class='ocrx_word' id='word_1_87' title='bbox 909 1537 994 1586; x_wconf 88' lang='lat' dir='ltr'><strong>vere</strong></span> <span class='ocrx_word' id='word_1_88' title='bbox 1018 1514 1085 1586; x_wconf 92' lang='lat' dir='ltr'><strong>sim</strong></span> <span class='ocrx_word' id='word_1_89' title='bbox 1111 1512 1163 1586; x_wconf 93' lang='lat' dir='ltr'><strong>di-</strong></span> 
     </span>
     <span class='ocr_line' id='line_1_12' title="bbox 82 1635 1166 1731; baseline -0.001 -23"><span class='ocrx_word' id='word_1_90' title='bbox 82 1648 204 1709; x_wconf 91' lang='lat' dir='ltr'><strong>cturus</strong></span> <span class='ocrx_word' id='word_1_91' title='bbox 225 1637 356 1708; x_wconf 89' lang='lat' dir='ltr'><strong>nescio.</strong></span> <span class='ocrx_word' id='word_1_92' title='bbox 378 1637 466 1708; x_wconf 93' lang='lat' dir='ltr'><strong>lllud</strong></span> <span class='ocrx_word' id='word_1_93' title='bbox 491 1636 664 1730; x_wconf 77' lang='lat' dir='ltr'><strong>intrepide</strong></span> <span class='ocrx_word' id='word_1_94' title='bbox 688 1635 853 1709; x_wconf 83' lang='lat' dir='ltr'><strong>dixerim:</strong></span> <span class='ocrx_word' id='word_1_95' title='bbox 873 1660 948 1709; x_wconf 86' lang='lat' dir='ltr'><strong>non</strong></span> <span class='ocrx_word' id='word_1_96' title='bbox 959 1636 1067 1728; x_wconf 78' lang='lat' dir='ltr'><strong>diligo</strong></span> <span class='ocrx_word' id='word_1_97' title='bbox 1084 1657 1166 1731; x_wconf 86' lang='lat' dir='ltr'><strong>peo-</strong></span> 
     </span>
     <span class='ocr_line' id='line_1_13' title="bbox 82 1757 1161 1852; baseline -0.002 -22"><span class='ocrx_word' id='word_1_98' title='bbox 82 1769 198 1830; x_wconf 90' lang='lat' dir='ltr'><strong>catum</strong></span> <span class='ocrx_word' id='word_1_99' title='bbox 219 1780 353 1841; x_wconf 92' lang='lat' dir='ltr'><strong>meum,</strong></span> <span class='ocrx_word' id='word_1_100' title='bbox 375 1780 488 1852; x_wconf 89' lang='lat' dir='ltr'><strong>neque</strong></span> <span class='ocrx_word' id='word_1_101' title='bbox 510 1779 626 1830; x_wconf 87' lang='lat' dir='ltr'><strong>mores</strong></span> <span class='ocrx_word' id='word_1_102' title='bbox 647 1778 745 1829; x_wconf 90' lang='lat' dir='ltr'><strong>meos</strong></span> <span class='ocrx_word' id='word_1_103' title='bbox 765 1757 883 1850; x_wconf 83' lang='lat' dir='ltr'><strong>diligo,</strong></span> <span class='ocrx_word' id='word_1_104' title='bbox 906 1760 975 1830; x_wconf 90' lang='lat' dir='ltr'><strong>nisi</strong></span> <span class='ocrx_word' id='word_1_105' title='bbox 994 1781 1064 1852; x_wconf 90' lang='lat' dir='ltr'><strong>qua</strong></span> <span class='ocrx_word' id='word_1_106' title='bbox 1085 1781 1161 1829; x_wconf 92' lang='lat' dir='ltr'><strong>mu-</strong></span> 
     </span>
     <span class='ocr_line' id='line_1_14' title="bbox 84 1880 1165 1973; baseline 0.001 -23"><span class='ocrx_word' id='word_1_107' title='bbox 84 1881 145 1952; x_wconf 92' lang='lat' dir='ltr'><strong>tati</strong></span> <span class='ocrx_word' id='word_1_108' title='bbox 164 1880 199 1950; x_wconf 92' lang='lat' dir='ltr'><strong>in</strong></span> <span class='ocrx_word' id='word_1_109' title='bbox 220 1882 344 1952; x_wconf 89' lang='lat' dir='ltr'><strong>melius</strong></span> <span class='ocrx_word' id='word_1_110' title='bbox 364 1882 582 1973; x_wconf 86' lang='lat' dir='ltr'><strong>correctique</strong></span> <span class='ocrx_word' id='word_1_111' title='bbox 602 1890 692 1952; x_wconf 90' lang='lat' dir='ltr'><strong>sunt.</strong></span> <span class='ocrx_word' id='word_1_112' title='bbox 716 1881 802 1965; x_wconf 93' lang='lat' dir='ltr'><strong>lmo,</strong></span> <span class='ocrx_word' id='word_1_113' title='bbox 826 1881 910 1973; x_wconf 91' lang='lat' dir='ltr'><strong>quid</strong></span> <span class='ocrx_word' id='word_1_114' title='bbox 931 1881 1111 1954; x_wconf 87' lang='lat' dir='ltr'><strong>haesitem‘l</strong></span> <span class='ocrx_word' id='word_1_115' title='bbox 1130 1890 1165 1952; x_wconf 90' lang='grc'><strong>61</strong></span> 
     </span>
     <span class='ocr_line' id='line_1_15' title="bbox 85 2003 1163 2096; baseline 0.002 -22"><span class='ocrx_word' id='word_1_116' title='bbox 85 2014 277 2095; x_wconf 88' lang='lat' dir='ltr'><strong>peccatum,</strong></span> <span class='ocrx_word' id='word_1_117' title='bbox 299 2012 335 2075; x_wconf 90' lang='lat' dir='ltr'><strong>et</strong></span> <span class='ocrx_word' id='word_1_118' title='bbox 355 2024 470 2075; x_wconf 88' lang='lat' dir='ltr'><strong>mores</strong></span> <span class='ocrx_word' id='word_1_119' title='bbox 492 2006 617 2088; x_wconf 88' lang='lat' dir='ltr'><strong>malos,</strong></span> <span class='ocrx_word' id='word_1_120' title='bbox 637 2014 673 2075; x_wconf 92' lang='lat' dir='ltr'><strong>et</strong></span> <span class='ocrx_word' id='word_1_121' title='bbox 693 2004 880 2096; x_wconf 89' lang='lat' dir='ltr'><strong>meipsum</strong></span> <span class='ocrx_word' id='word_1_122' title='bbox 901 2005 1001 2075; x_wconf 85' lang='lat' dir='ltr'><strong>talem</strong></span> <span class='ocrx_word' id='word_1_123' title='bbox 1020 2003 1088 2075; x_wconf 92' lang='lat' dir='ltr'><strong>odi.</strong></span> <span class='ocrx_word' id='word_1_124' title='bbox 1107 2003 1163 2076; x_wconf 84' lang='lat' dir='ltr'><strong>Ab</strong></span> 
     </span>
     <span class='ocr_line' id='line_1_16' title="bbox 85 2124 1163 2221; baseline 0.004 -26"><span class='ocrx_word' id='word_1_125' title='bbox 85 2125 283 2218; x_wconf 81' lang='lat' dir='ltr'><strong>Augustino</strong></span> <span class='ocrx_word' id='word_1_126' title='bbox 302 2128 394 2198; x_wconf 91' lang='lat' dir='ltr'><strong>enim</strong></span> <span class='ocrx_word' id='word_1_127' title='bbox 415 2126 520 2199; x_wconf 88' lang='lat' dir='ltr'><strong>didici</strong></span> <span class='ocrx_word' id='word_1_128' title='bbox 535 2126 709 2199; x_wconf 89' lang='lat' dir='ltr'><strong>neminem</strong></span> <span class='ocrx_word' id='word_1_129' title='bbox 722 2124 797 2198; x_wconf 88' lang='lat' dir='ltr'><strong>lieri</strong></span> <span class='ocrx_word' id='word_1_130' title='bbox 810 2145 916 2221; x_wconf 88' lang='lat' dir='ltr'><strong>posse</strong></span> <span class='ocrx_word' id='word_1_131' title='bbox 929 2127 1044 2220; x_wconf 89' lang='lat' dir='ltr'><strong>qualis</strong></span> <span class='ocrx_word' id='word_1_132' title='bbox 1056 2126 1163 2221; x_wconf 90' lang='lat' dir='ltr'><strong>cupit,</strong></span> 
     </span>
     <span class='ocr_line' id='line_1_17' title="bbox 87 2247 527 2342; baseline -0.005 -22"><span class='ocrx_word' id='word_1_133' title='bbox 87 2247 156 2320; x_wconf 89' lang='lat' dir='ltr'><strong>uisi</strong></span> <span class='ocrx_word' id='word_1_134' title='bbox 178 2270 216 2320; x_wconf 90' lang='lat' dir='ltr'><strong>se</strong></span> <span class='ocrx_word' id='word_1_135' title='bbox 236 2249 311 2322; x_wconf 91' lang='lat' dir='ltr'><strong>odit</strong></span> <span class='ocrx_word' id='word_1_136' title='bbox 328 2249 443 2342; x_wconf 87' lang='lat' dir='ltr'><strong>qualis</strong></span> <span class='ocrx_word' id='word_1_137' title='bbox 462 2258 527 2319; x_wconf 91' lang='lat' dir='ltr'><strong>est.</strong></span> 
     </span>
    </p>

    <p class='ocr_par' dir='ltr' id='par_1_5' title="bbox 53 2371 1170 4177">
     <span class='ocr_line' id='line_1_18' title="bbox 181 2371 1169 2465; baseline 0.004 -25"><span class='ocrx_word' id='word_1_138' title='bbox 181 2372 272 2442; x_wconf 82' lang='lat' dir='ltr'><strong>Ecce</strong></span> <span class='ocrx_word' id='word_1_139' title='bbox 292 2372 337 2443; x_wconf 86' lang='lat' dir='ltr'><strong>ad</strong></span> <span class='ocrx_word' id='word_1_140' title='bbox 359 2373 450 2442; x_wconf 92' lang='lat' dir='ltr'><strong>huno</strong></span> <span class='ocrx_word' id='word_1_141' title='bbox 470 2373 582 2442; x_wconf 89' lang='lat' dir='ltr'><strong>locum</strong></span> <span class='ocrx_word' id='word_1_142' title='bbox 603 2372 762 2465; x_wconf 84' lang='lat' dir='ltr'><strong>epistolae</strong></span> <span class='ocrx_word' id='word_1_143' title='bbox 787 2392 1017 2464; x_wconf 88' lang='lat' dir='ltr'><strong>perveneram</strong></span> <span class='ocrx_word' id='word_1_144' title='bbox 1039 2371 1169 2444; x_wconf 82' lang='lat' dir='ltr'><strong>delibe-</strong></span> 
     </span>
     <span class='ocr_line' id='line_1_19' title="bbox 88 2491 1168 2585; baseline 0.002 -22"><span class='ocrx_word' id='word_1_145' title='bbox 88 2514 240 2584; x_wconf 87' lang='lat' dir='ltr'><strong>ransque</strong></span> <span class='ocrx_word' id='word_1_146' title='bbox 264 2491 350 2583; x_wconf 89' lang='lat' dir='ltr'><strong>quid</strong></span> <span class='ocrx_word' id='word_1_147' title='bbox 373 2491 524 2562; x_wconf 87' lang='lat' dir='ltr'><strong>dicerem</strong></span> <span class='ocrx_word' id='word_1_148' title='bbox 551 2493 699 2585; x_wconf 84' lang='lat' dir='ltr'><strong>amplios</strong></span> <span class='ocrx_word' id='word_1_149' title='bbox 721 2491 891 2583; x_wconf 91' lang='lat' dir='ltr'><strong>seuquid</strong></span> <span class='ocrx_word' id='word_1_150' title='bbox 913 2515 984 2565; x_wconf 90' lang='lat' dir='ltr'><strong>non</strong></span> <span class='ocrx_word' id='word_1_151' title='bbox 1005 2494 1168 2579; x_wconf 90' lang='lat' dir='ltr'><strong>dicerem,</strong></span> 
     </span>
     <span class='ocr_line' id='line_1_20' title="bbox 87 2613 1170 2706; baseline 0.003 -23"><span class='ocrx_word' id='word_1_152' title='bbox 87 2615 164 2683; x_wconf 88' lang='lat' dir='ltr'><strong>haec</strong></span> <span class='ocrx_word' id='word_1_153' title='bbox 180 2613 279 2695; x_wconf 89' lang='lat' dir='ltr'><strong>inter,</strong></span> <span class='ocrx_word' id='word_1_154' title='bbox 302 2621 339 2682; x_wconf 91' lang='lat' dir='ltr'><strong>ut</strong></span> <span class='ocrx_word' id='word_1_155' title='bbox 355 2614 500 2697; x_wconf 83' lang='lat' dir='ltr'><strong>assolet,</strong></span> <span class='ocrx_word' id='word_1_156' title='bbox 523 2633 692 2706; x_wconf 80' lang='lat' dir='ltr'><strong>papyrum</strong></span> <span class='ocrx_word' id='word_1_157' title='bbox 711 2634 859 2684; x_wconf 86' lang='lat' dir='ltr'><strong>vacuam</strong></span> <span class='ocrx_word' id='word_1_158' title='bbox 879 2613 1021 2685; x_wconf 85' lang='lat' dir='ltr'><strong>inverso</strong></span> <span class='ocrx_word' id='word_1_159' title='bbox 1037 2614 1170 2686; x_wconf 86' lang='lat' dir='ltr'><strong>calamo</strong></span> 
     </span>
     <span class='ocr_line' id='line_1_21' title="bbox 88 2733 1170 2831; baseline 0 -25"><span class='ocrx_word' id='word_1_160' title='bbox 88 2736 262 2808; x_wconf 88' lang='lat' dir='ltr'><strong>leriebam.</strong></span> <span class='ocrx_word' id='word_1_161' title='bbox 296 2738 365 2809; x_wconf 88' lang='lat' dir='ltr'><strong>Res</strong></span> <span class='ocrx_word' id='word_1_162' title='bbox 398 2737 474 2831; x_wconf 90' lang='lat' dir='ltr'><strong>ipsa</strong></span> <span class='ocrx_word' id='word_1_163' title='bbox 510 2735 689 2807; x_wconf 86' lang='lat' dir='ltr'><strong>materiam</strong></span> <span class='ocrx_word' id='word_1_164' title='bbox 727 2733 852 2806; x_wconf 91' lang='lat' dir='ltr'><strong>obtulit</strong></span> <span class='ocrx_word' id='word_1_165' title='bbox 883 2734 1047 2827; x_wconf 82' lang='lat' dir='ltr'><strong>cogitanti</strong></span> <span class='ocrx_word' id='word_1_166' title='bbox 1080 2735 1170 2806; x_wconf 88' lang='lat' dir='ltr'><strong>inter</strong></span> 
     </span>
     <span class='ocr_line' id='line_1_22' title="bbox 87 2857 1169 2953; baseline -0.002 -23"><span class='ocrx_word' id='word_1_167' title='bbox 87 2859 317 2931; x_wconf 89' lang='lat' dir='ltr'><strong>demersionis</strong></span> <span class='ocrx_word' id='word_1_168' title='bbox 338 2861 493 2932; x_wconf 91' lang='lat' dir='ltr'><strong>morulas</strong></span> <span class='ocrx_word' id='word_1_169' title='bbox 520 2872 657 2953; x_wconf 89' lang='lat' dir='ltr'><strong>tempus</strong></span> <span class='ocrx_word' id='word_1_170' title='bbox 682 2858 764 2941; x_wconf 89' lang='lat' dir='ltr'><strong>labi,</strong></span> <span class='ocrx_word' id='word_1_171' title='bbox 791 2879 916 2950; x_wconf 86' lang='lat' dir='ltr'><strong>meque</strong></span> <span class='ocrx_word' id='word_1_172' title='bbox 934 2857 1074 2930; x_wconf 87' lang='lat' dir='ltr'><strong>interim</strong></span> <span class='ocrx_word' id='word_1_173' title='bbox 1100 2860 1169 2930; x_wconf 88' lang='lat' dir='ltr'><strong>ool-</strong></span> 
     </span>
     <span class='ocr_line' id='line_1_23' title="bbox 88 2981 1170 3077; baseline -0.001 -25"><span class='ocrx_word' id='word_1_174' title='bbox 88 2981 170 3068; x_wconf 90' lang='lat' dir='ltr'><strong>labi,</strong></span> <span class='ocrx_word' id='word_1_175' title='bbox 199 2982 310 3069; x_wconf 86' lang='lat' dir='ltr'><strong>abire,</strong></span> <span class='ocrx_word' id='word_1_176' title='bbox 339 2982 489 3055; x_wconf 87' lang='lat' dir='ltr'><strong>deficere</strong></span> <span class='ocrx_word' id='word_1_177' title='bbox 509 2996 559 3067; x_wconf 91' lang='lat' dir='ltr'><strong>et,</strong></span> <span class='ocrx_word' id='word_1_178' title='bbox 581 2994 620 3055; x_wconf 92' lang='lat' dir='ltr'><strong>ut</strong></span> <span class='ocrx_word' id='word_1_179' title='bbox 640 2982 778 3077; x_wconf 90' lang='lat' dir='ltr'><strong>proprie</strong></span> <span class='ocrx_word' id='word_1_180' title='bbox 804 2981 934 3069; x_wconf 90' lang='lat' dir='ltr'><strong>dicam,</strong></span> <span class='ocrx_word' id='word_1_181' title='bbox 957 2983 1054 3054; x_wconf 91' lang='lat' dir='ltr'><strong>mori.</strong></span> <span class='ocrx_word' id='word_1_182' title='bbox 1081 2981 1170 3054; x_wconf 85' lang='lat' dir='ltr'><strong>Con-</strong></span> 
     </span>
     <span class='ocr_line' id='line_1_24' title="bbox 89 3103 1167 3196; baseline 0.001 -24"><span class='ocrx_word' id='word_1_183' title='bbox 89 3103 183 3172; x_wconf 87' lang='grc'>11666</span> <span class='ocrx_word' id='word_1_184' title='bbox 208 3106 384 3188; x_wconf 90' lang='lat' dir='ltr'><strong>morimur,</strong></span> <span class='ocrx_word' id='word_1_185' title='bbox 412 3126 479 3196; x_wconf 97' lang='grc'><strong>636</strong></span> <span class='ocrx_word' id='word_1_186' title='bbox 498 3107 582 3178; x_wconf 92' lang='lat' dir='ltr'><strong>dum</strong></span> <span class='ocrx_word' id='word_1_187' title='bbox 617 3104 694 3178; x_wconf 87' lang='lat' dir='ltr'><strong>haeo</strong></span> <span class='ocrx_word' id='word_1_188' title='bbox 725 3104 854 3190; x_wconf 86' lang='lat' dir='ltr'><strong>scribo,</strong></span> <span class='ocrx_word' id='word_1_189' title='bbox 884 3115 920 3175; x_wconf 95' lang='grc'><strong>16</strong></span> <span class='ocrx_word' id='word_1_190' title='bbox 945 3104 1029 3176; x_wconf 92' lang='lat' dir='ltr'><strong>dum</strong></span> <span class='ocrx_word' id='word_1_191' title='bbox 1055 3105 1167 3194; x_wconf 84' lang='lat' dir='ltr'><strong>leges,</strong></span> 
     </span>
     <span class='ocr_line' id='line_1_25' title="bbox 88 3225 1167 3319; baseline 0.002 -24"><span class='ocrx_word' id='word_1_192' title='bbox 88 3225 145 3295; x_wconf 93' lang='lat' dir='ltr'><strong>alii</strong></span> <span class='ocrx_word' id='word_1_193' title='bbox 178 3226 260 3296; x_wconf 91' lang='lat' dir='ltr'><strong>dum</strong></span> <span class='ocrx_word' id='word_1_194' title='bbox 294 3228 437 3298; x_wconf 86' lang='lat' dir='ltr'><strong>audient</strong></span> <span class='ocrx_word' id='word_1_195' title='bbox 456 3227 610 3319; x_wconf 90' lang='lat' dir='ltr'><strong>dumque</strong></span> <span class='ocrx_word' id='word_1_196' title='bbox 635 3251 704 3300; x_wconf 95' lang='lat' dir='ltr'><strong>non</strong></span> <span class='ocrx_word' id='word_1_197' title='bbox 729 3228 882 3299; x_wconf 89' lang='lat' dir='ltr'><strong>audient.</strong></span> <span class='ocrx_word' id='word_1_198' title='bbox 910 3228 985 3316; x_wconf 86' lang='lat' dir='ltr'><strong>Ego</strong></span> <span class='ocrx_word' id='word_1_199' title='bbox 1012 3245 1167 3318; x_wconf 85' lang='lat' dir='ltr'><strong>quoque,</strong></span> 
     </span>
     <span class='ocr_line' id='line_1_26' title="bbox 88 3346 1166 3439; baseline -0.001 -19"><span class='ocrx_word' id='word_1_200' title='bbox 88 3350 172 3420; x_wconf 93' lang='lat' dir='ltr'><strong>dum</strong></span> <span class='ocrx_word' id='word_1_201' title='bbox 196 3348 272 3419; x_wconf 87' lang='lat' dir='ltr'><strong>haec</strong></span> <span class='ocrx_word' id='word_1_202' title='bbox 293 3350 403 3439; x_wconf 87' lang='lat' dir='ltr'><strong>leges,</strong></span> <span class='ocrx_word' id='word_1_203' title='bbox 426 3350 567 3435; x_wconf 90' lang='lat' dir='ltr'><strong>moriar,</strong></span> <span class='ocrx_word' id='word_1_204' title='bbox 592 3360 630 3421; x_wconf 93' lang='lat' dir='ltr'><strong>tu</strong></span> <span class='ocrx_word' id='word_1_205' title='bbox 649 3350 798 3421; x_wconf 91' lang='lat' dir='ltr'><strong>moreris</strong></span> <span class='ocrx_word' id='word_1_206' title='bbox 815 3350 898 3421; x_wconf 94' lang='lat' dir='ltr'><strong>dnm</strong></span> <span class='ocrx_word' id='word_1_207' title='bbox 932 3349 1010 3419; x_wconf 85' lang='lat' dir='ltr'><strong>haec</strong></span> <span class='ocrx_word' id='word_1_208' title='bbox 1035 3346 1166 3431; x_wconf 92' lang='lat' dir='ltr'><strong>scribo,</strong></span> 
     </span>
     <span class='ocr_line' id='line_1_27' title="bbox 88 3468 1168 3562; baseline -0.001 -22"><span class='ocrx_word' id='word_1_209' title='bbox 88 3468 192 3540; x_wconf 91' lang='lat' dir='ltr'><strong>ambo</strong></span> <span class='ocrx_word' id='word_1_210' title='bbox 225 3468 408 3554; x_wconf 91' lang='lat' dir='ltr'><strong>morimur,</strong></span> <span class='ocrx_word' id='word_1_211' title='bbox 442 3490 565 3541; x_wconf 89' lang='lat' dir='ltr'><strong>omnes</strong></span> <span class='ocrx_word' id='word_1_212' title='bbox 604 3471 783 3552; x_wconf 90' lang='lat' dir='ltr'><strong>morimur,</strong></span> <span class='ocrx_word' id='word_1_213' title='bbox 819 3490 958 3562; x_wconf 87' lang='lat' dir='ltr'><strong>semper</strong></span> <span class='ocrx_word' id='word_1_214' title='bbox 989 3470 1168 3541; x_wconf 88' lang='lat' dir='ltr'><strong>morimur.</strong></span> 
     </span>
     <span class='ocr_line' id='line_1_28' title="bbox 53 3589 1167 3684; baseline 0.004 -24"><span class='ocrx_word' id='word_1_215' title='bbox 53 3617 54 3620; x_wconf 42' lang='lat'>¹</span> <span class='ocrx_word' id='word_1_216' title='bbox 87 3591 272 3683; x_wconf 87' lang='lat' dir='ltr'><strong>Nunquam</strong></span> <span class='ocrx_word' id='word_1_217' title='bbox 291 3589 445 3660; x_wconf 86' lang='lat' dir='ltr'><strong>vivimus</strong></span> <span class='ocrx_word' id='word_1_218' title='bbox 461 3589 547 3661; x_wconf 94' lang='lat' dir='ltr'><strong>dum</strong></span> <span class='ocrx_word' id='word_1_219' title='bbox 564 3591 620 3663; x_wconf 90' lang='lat' dir='ltr'><strong>hic</strong></span> <span class='ocrx_word' id='word_1_220' title='bbox 636 3613 774 3677; x_wconf 89' lang='lat' dir='ltr'><strong>sumus,</strong></span> <span class='ocrx_word' id='word_1_221' title='bbox 791 3591 957 3684; x_wconf 88' lang='lat' dir='ltr'><strong>quamdiu</strong></span> <span class='ocrx_word' id='word_1_222' title='bbox 974 3592 1167 3664; x_wconf 89' lang='lat' dir='ltr'><strong>virtuosum</strong></span> 
     </span>
     <span class='ocr_line' id='line_1_29' title="bbox 88 3713 1166 3809; baseline 0.001 -25"><span class='ocrx_word' id='word_1_223' title='bbox 88 3713 217 3806; x_wconf 93' lang='lat' dir='ltr'><strong>aliquid</strong></span> <span class='ocrx_word' id='word_1_224' title='bbox 240 3723 387 3806; x_wconf 79' lang='lat' dir='ltr'><strong>agentes</strong></span> <span class='ocrx_word' id='word_1_225' title='bbox 410 3714 598 3809; x_wconf 85' lang='lat' dir='ltr'><strong>sternimus</strong></span> <span class='ocrx_word' id='word_1_226' title='bbox 618 3714 684 3786; x_wconf 92' lang='lat' dir='ltr'><strong>iter</strong></span> <span class='ocrx_word' id='word_1_227' title='bbox 703 3714 804 3787; x_wconf 91' lang='lat' dir='ltr'><strong>nobis</strong></span> <span class='ocrx_word' id='word_1_228' title='bbox 829 3714 874 3788; x_wconf 81' lang='lat' dir='ltr'><strong>ad</strong></span> <span class='ocrx_word' id='word_1_229' title='bbox 902 3736 1021 3786; x_wconf 89' lang='lat' dir='ltr'><strong>veram</strong></span> <span class='ocrx_word' id='word_1_230' title='bbox 1044 3716 1166 3799; x_wconf 88' lang='lat' dir='ltr'><strong>vitam,</strong></span> 
     </span>
     <span class='ocr_line' id='line_1_30' title="bbox 88 3835 1168 3930; baseline 0.005 -26"><span class='ocrx_word' id='word_1_231' title='bbox 88 3835 147 3905; x_wconf 93' lang='lat' dir='ltr'><strong>ubi</strong></span> <span class='ocrx_word' id='word_1_232' title='bbox 180 3849 301 3908; x_wconf 90' lang='lat' dir='ltr'><strong>contra</strong></span> <span class='ocrx_word' id='word_1_233' title='bbox 326 3859 429 3908; x_wconf 91' lang='lat' dir='ltr'><strong>nemo</strong></span> <span class='ocrx_word' id='word_1_234' title='bbox 459 3838 617 3919; x_wconf 92' lang='lat' dir='ltr'><strong>moritur,</strong></span> <span class='ocrx_word' id='word_1_235' title='bbox 652 3836 777 3907; x_wconf 84' lang='lat' dir='ltr'><strong>vivunt</strong></span> <span class='ocrx_word' id='word_1_236' title='bbox 811 3857 948 3920; x_wconf 88' lang='lat' dir='ltr'><strong>omnes,</strong></span> <span class='ocrx_word' id='word_1_237' title='bbox 983 3836 1043 3908; x_wconf 88' lang='lat' dir='ltr'><strong>ubi</strong></span> <span class='ocrx_word' id='word_1_238' title='bbox 1074 3836 1168 3930; x_wconf 92' lang='lat' dir='ltr'><strong>quod</strong></span> 
     </span>
     <span class='ocr_line' id='line_1_31' title="bbox 89 3958 1167 4054; baseline 0.006 -28"><span class='ocrx_word' id='word_1_239' title='bbox 89 3960 196 4029; x_wconf 89' lang='lat' dir='ltr'><strong>semel</strong></span> <span class='ocrx_word' id='word_1_240' title='bbox 221 3961 350 4053; x_wconf 89' lang='lat' dir='ltr'><strong>placuit</strong></span> <span class='ocrx_word' id='word_1_241' title='bbox 372 3980 512 4053; x_wconf 91' lang='lat' dir='ltr'><strong>semper</strong></span> <span class='ocrx_word' id='word_1_242' title='bbox 536 3960 662 4054; x_wconf 90' lang='lat' dir='ltr'><strong>placet,</strong></span> <span class='ocrx_word' id='word_1_243' title='bbox 696 3958 796 4029; x_wconf 88' lang='lat' dir='ltr'><strong>ouius</strong></span> <span class='ocrx_word' id='word_1_244' title='bbox 829 3958 1013 4032; x_wconf 78' lang='lat' dir='ltr'><strong>ineffabilis</strong></span> <span class='ocrx_word' id='word_1_245' title='bbox 1045 3970 1082 4032; x_wconf 86' lang='lat' dir='ltr'><strong>et</strong></span> <span class='ocrx_word' id='word_1_246' title='bbox 1115 3960 1167 4033; x_wconf 90' lang='lat' dir='ltr'><strong>in-</strong></span> 
     </span>
     <span class='ocr_line' id='line_1_32' title="bbox 88 4081 1168 4177; baseline 0.004 -26"><span class='ocrx_word' id='word_1_247' title='bbox 88 4094 247 4154; x_wconf 80' lang='lat' dir='ltr'><strong>exauslae</strong></span> <span class='ocrx_word' id='word_1_248' title='bbox 268 4082 464 4156; x_wconf 83' lang='lat' dir='ltr'><strong>dulcedinis</strong></span> <span class='ocrx_word' id='word_1_249' title='bbox 485 4105 547 4154; x_wconf 92' lang='lat' dir='ltr'><strong>neo</strong></span> <span class='ocrx_word' id='word_1_250' title='bbox 568 4081 693 4154; x_wconf 87' lang='lat' dir='ltr'><strong>modus</strong></span> <span class='ocrx_word' id='word_1_251' title='bbox 718 4082 834 4154; x_wconf 87' lang='lat' dir='ltr'><strong>animo</strong></span> <span class='ocrx_word' id='word_1_252' title='bbox 853 4082 1000 4177; x_wconf 86' lang='lat' dir='ltr'><strong>cupitur,</strong></span> <span class='ocrx_word' id='word_1_253' title='bbox 1017 4107 1079 4156; x_wconf 84' lang='lat' dir='ltr'><strong>nec</strong></span> <span class='ocrx_word' id='word_1_254' title='bbox 1094 4108 1168 4155; x_wconf 93' lang='lat' dir='ltr'><strong>mu-</strong></span> 
     </span>
    </p>
   </div>
   <div class='ocr_carea' id='block_1_5' title="bbox 0 0 1346 4688">
    <p class='ocr_par' dir='ltr' id='par_1_6' title="bbox 0 0 1346 4688">
     <span class='ocr_line' id='line_1_33' title="bbox 0 0 1346 4688; baseline 0 0"><span class='ocrx_word' id='word_1_255' title='bbox 0 0 1346 4688; x_wconf 95' lang='lat' dir='ltr'><strong> </strong></span> 
     </span>
    </p>
   </div>
  </div>
 </body>
</html>
