2834 5086
33 280 181 303 'mou-q
206 296 345 307 —

178 640 233 703 1ῖὲ
510 655 552 702 nc
574 653 675 701 trenas
697 651 919 701 sustentamus

174 794 320 877 remitto,
341 816 384 863 nc
407 797 517 885 relique
541 793 673 864 dorsum
697 789 907 861 demulceatis
926 812 1001 861 curn
1021 811 1066 861 aa
1086 793 1177 882 equis
1199 790 1257 863 de-

172 914 348 985 scendetis.-
364 927 400 988 et
416 931 602 1010 praetnrem
624 913 893 998 Praenestinum,
912 913 1006 1008 quod
1020 914 1254 1009 pertimerem

173 1038 317 1128 segnius
352 1059 436 1109 suos
462 1039 615 1110 duxerat
640 1039 675 1107 in
701 1037 849 1131 primam
875 1037 997 1120 aciem,
1024 1038 1145 1109 lictore
1174 1059 1255 1110 cum

173 1161 288 1231 securi
305 1160 416 1232 accito
437 1162 562 1233 ludens
585 1181 726 1254 quoqne
747 1160 868 1232 mortis
894 1170 1043 1243 terrore,
1070 1163 1253 1232 confusum

174 1283 448 1377 increpitumque
468 1284 667 1356 dimitteret.
688 1285 739 1353 De
752 1283 894 1375 reliquis
908 1281 1135 1354 succurrebat
1147 1283 1255 1365 Quin·

174 1415 230 1476 tus
255 1407 406 1478 lllessins
431 1408 503 1499 qui,
531 1406 627 1499 quod
653 1426 673 1474 a
699 1404 799 1474 Livio
827 1404 1104 1494 praetormissum
1131 1404 1252 1490 miror,

171 1525 263 1600 bello
294 1529 422 1622 punico
455 1528 621 1608 secundo,
651 1545 695 1595 eo
728 1525 850 1616 praelio
888 1526 984 1616 qnod
1018 1526 1064 1598 ad
1093 1525 1252 1597 Trebiam

171 1662 309 1741 gestum
332 1663 396 1735 est,
418 1651 572 1742 quinque
592 1645 813 1731 cohortibus,
835 1668 883 1717 ex
910 1669 953 1718 ea
981 1650 1128 1721 statione
1153 1652 1254 1723 cuius

171 1774 366 1845 custodiam
401 1773 467 1841 illis
504 1768 743 1853 commiserat,
774 1769 929 1841 bostium
960 1771 996 1840 vi
1028 1771 1190 1859 deiectis,
1217 1785 1255 1844 nt

169 1894 327 1965 eamdem
350 1894 440 1963 illico
460 1900 659 1984 repeterent
683 1890 884 1984 imperavit,
914 1914 982 1963 non
1008 1897 1090 1986 quia
1117 1896 1153 1968 id
1178 1894 1253 1966 fieri

170 2037 274 2106 posse
289 2013 492 2096 confideret,
516 2014 581 2086 sed
599 2024 636 2085 nt
656 2013 842 2085 militarem
860 2017 997 2110 culpam
1017 2016 1088 2085 acri
1106 2018 1253 2111 imperio

168 2137 370 2228 castigaret,
392 2135 593 2227 desertique
611 2138 675 2208 toni
695 2158 788 2207 mors
809 2137 954 2230 supplici
964 2158 1018 2207 nm
1037 2139 1251 2220 essetlllnd

168 2259 261 2332 enirn
284 2272 457 2355 praecepto
477 2258 632 2331 additum
653 2268 742 2342 erat,
767 2270 804 2330 nt
826 2261 854 2330 si
875 2261 955 2351 qnis
975 2281 1019 2331 ex
1041 2281 1084 2330 eo
1105 2282 1251 2331 numero

169 2383 204 2456 in
224 2397 340 2457 castra
361 2387 548 2473 relegeret,
571 2391 747 2472 tamquam
770 2380 881 2450 hostis
900 2380 1138 2463 occideretur3
1155 2382 1249 2472 qnod

170 2509 303 2579 ultimae
329 2503 546 2575 necessitatis
572 2501 817 2573 acutissimum
844 2504 958 2572 calcar
984 2502 1146 2573 adactum
1174 2504 1250 2572 ani-

168 2629 250 2710 mis,
268 2638 304 2696 et
320 2621 560 2694 lassitudinem
577 2645 760 2716 corporum
779 2634 814 2695 et
831 2624 1117 2716 desperationem
1131 2647 1247 2699 rernm

166 2756 203 2818 et
226 2746 290 2818 loci
311 2745 548 2815 difficultatem
573 2758 608 2817 et
637 2747 788 2820 bostium
810 2745 949 2818 turbam
966 2747 1063 2831 vicit,
1083 2749 1249 2841 quodque

168 2864 382 2961 impossibile
408 2865 488 2938 duci
513 2868 642 2941 invicto
674 2872 792 2941 visum
825 2880 912 2951 erat,
944 2869 1046 2940 victis
1081 2870 1248 2943 militibus

167 3010 310 3085 pronum
333 2988 421 3061 iecit.
441 2991 706 3065 Obversabatur
722 2993 840 3063 animo
857 2992 966 3062 lulius
984 2992 1105 3064 Caesar
1121 2993 1190 3086 qui,
1212 3005 1249 3064 nt

168 3110 386 3202 Tranquillus
408 3115 483 3207 ipse
506 3116 673 3199 meminit,
696 3118 892 3185 inclinatam
919 3115 1023 3182 aciem
1047 3116 1135 3182 solas
1162 3134 1248 3206 saepe

166 3237 319 3317 restitnit,
354 3237 510 3306 obsistens
540 3238 742 3328 sapientibus
777 3240 986 3325 retinensque
1024 3238 1184 3327 stapulas,
1217 3245 1248 3304 ct

166 3359 322 3428 contortis
359 3360 508 3446 sancitas
553 3370 747 3428 convertens
786 3360 822 3426 r'n
867 3359 1006 3441 bostem,
1049 3371 1079 3428 et
1118 3356 1247 3448 qaidcrn

164 3477 244 3552 adeo
280 3482 471 3572 pleramque
504 3480 659 3573 trepidos,
693 3492 730 3549 at
763 3481 916 3570 aquilr'ser
947 3481 1095 3551 moranti
1124 3500 1158 3550 se
1191 3500 1247 3548 ca·

162 3600 253 3696 spida
273 3602 316 3671 sit
337 3604 566 3686 cacuminatus,
589 3605 674 3672 alias
695 3604 731 3672 ia
752 3626 857 3672 anana
879 3601 1056 3674 delirantis
1079 3604 1249 3692 reliquerit

162 3730 304 3818 sr'pnam.
334 3725 407 3796 Sul)
435 3725 477 3795 iis
507 3724 655 3796 ducibus
683 3725 829 3797 militare
861 3727 987 3797 durum
1024 3727 1148 3808 faleor,
1183 3720 1247 3793 sed

165 3846 293 3919 lenibat
314 3850 539 3940 asperitatem
560 3848 682 3937 gloria,
704 3847 870 3940 qnodque
892 3849 973 3919 vitae
994 3848 1185 3941 periculum
1207 3866 1248 3915 ae

165 3967 261 4039 labor
287 3969 502 4042 horrendum
525 3973 664 4054 lecerat,
687 3972 761 4040 sola
781 3971 896 4044 virtus
916 3970 1066 4064 optabile
1087 3966 1245 4039 faciebat.

164 4091 243 4163 Rari
265 4091 312 4161 ibi
339 4096 551 4183 transfugae:
585 4092 652 4163 rari
686 4092 908 4164 desertores:
942 4090 1030 4164 sales
1063 4101 1098 4162 et
1131 4098 1246 4161 metus

165 4216 261 4285 leves
282 4213 415 4287 animos
436 4213 639 4286 lraenabant.
661 4214 769 4286 Erant
789 4215 952 4306 exemplo
979 4210 1108 4285 Fabius
1133 4211 1246 4283 Maxi-

165 4355 258 4417 mae,
280 4334 339 4424 qui
359 4356 482 4407 omnes
502 4359 592 4429 quos
612 4338 764 4431 cepisset
782 4337 1000 4423 translegas,
1021 4333 1153 4404 truncis
1172 4354 1247 4401 rna-

167 4458 268 4533 nibus
290 4453 471 4543 dimissos,
489 4460 607 4550 lugam
621 4458 855 4550 cogitantibus
873 4455 1121 4528 documentum
1134 4452 1244 4527 dedit.
