2670 4688
529 286 683 335 srrsruno
704 287 767 335 xtx.
1122 274 1179 335 347

104 433 169 504 hoo
190 456 296 505 unum
319 434 425 505 nullis
445 433 573 503 lenitur
591 432 741 516 artibus,
755 434 850 505 nullo
863 436 1012 507 mitescit
1030 434 1180 527 ingenio.

101 555 219 627 Lotale
250 567 306 627 est
336 553 460 638 enim,
481 564 518 625 et
548 576 640 626 nuno
671 556 736 622 alte
767 557 889 624 uulnus
928 555 1103 646 adustum,
1145 569 1182 631 ut

100 680 197 751 lllaro
214 681 272 750 ait.
284 680 338 748 En
354 679 415 770 qui
432 679 520 749 alios
536 677 640 749 solari
659 679 755 749 soleo
768 676 919 768 qualiter
935 699 989 749 me
1009 681 1179 764 consolor,

99 824 167 874 noo
188 804 264 873 veri
286 800 429 885 inscius,
453 801 515 872 sed
540 800 650 872 dolori
677 800 790 894 impar
814 810 849 872 ot
879 821 1011 891 angore
1034 801 1180 875 obrutus

98 946 140 995 ao
154 944 313 994 moerore.
327 925 415 1006 Soio,
431 934 469 994 ut
482 924 565 1007 dixi,
584 923 679 1016 quod
694 923 846 1019 praemisi
864 923 961 995 illum
976 945 1046 996 non
1063 925 1179 1007 amisi;

100 1056 204 1116 vetus
229 1046 371 1136 quidem
400 1068 514 1138 oeque
547 1047 662 1117 minus
692 1068 815 1117 verum
840 1044 1015 1128 uerbum,
1044 1057 1081 1116 ot
1110 1065 1180 1139 quo

98 1168 195 1237 multi
217 1168 403 1239 illustrium
433 1169 487 1239 usi
513 1180 604 1239 suot.
634 1169 802 1252 Praemisi,
823 1168 1091 1261 inquam,quem
1117 1190 1179 1239 na·

98 1281 175 1358 tura
195 1290 388 1373 meliorem,
410 1292 549 1361 lortuna
569 1291 651 1363 lecit
675 1289 847 1374 altiorem,
879 1312 977 1363 amor
1002 1289 1086 1361 mihi
1118 1309 1179 1382 pe-

96 1413 188 1480 nitus
209 1432 327 1502 parem
354 1413 449 1492 leoit;
476 1412 570 1504 quod
595 1414 727 1483 atinam
758 1433 853 1484 mors
881 1415 1035 1495 lenisset,
1063 1433 1177 1503 neque

94 1532 214 1603 odiosa
234 1534 485 1605 intervenisset
508 1534 683 1626 exceptio,
701 1546 825 1605 cuncta
838 1535 940 1606 nobis
957 1536 1066 1606 luisse
1083 1555 1177 1606 com·

93 1655 210 1727 mania
231 1665 359 1748 praeter
375 1669 530 1740 mortem,
552 1678 634 1750 quae
652 1655 760 1730 dilato
783 1681 835 1729 me
853 1661 898 1731 aul
917 1659 1175 1752 tempus,illu1n

92 1775 253 1860 abstulit,
276 1779 309 1847 in
336 1800 407 1869 quo
432 1779 513 1851 vitae
541 1800 632 1851 meae
665 1783 821 1853 suavitas
853 1783 976 1874 ingens
1011 1794 1119 1867 erat,
1138 1792 1177 1855 ut

92 1901 239 1991 posthac
259 1922 375 1994 neque
396 1901 485 1972 hano
507 1903 614 1973 vitam
631 1903 735 1974 ualde
761 1904 898 1996 cupiam
925 1913 1022 1975 tanto
1047 1904 1176 1975 lumine

91 2021 265 2106 orbatam,
280 2045 395 2116 neque
413 2033 557 2094 mortem
577 2033 729 2095 metuam
745 2034 797 2095 tot
808 2025 896 2096 meis
909 2025 1053 2097 ditatam
1069 2037 1175 2119 atque

89 2156 246 2216 ornatam
270 2146 407 2238 spoliis,
422 2146 606 2239 saepealiis
618 2146 762 2240 quidem
779 2149 917 2239 magnis
937 2169 979 2220 ao
998 2148 1172 2234 maximis,

88 2267 155 2339 hoe
171 2268 356 2338 immenso:
371 2268 536 2360 quodque
556 2292 663 2359 unum
682 2270 711 2340 si
728 2269 843 2341 metiri
856 2271 1040 2352 voluerim,
1054 2281 1174 2364 stupe·

89 2387 182 2459 bitur
202 2387 248 2459 ab
273 2389 403 2459 invidis
424 2399 529 2480 atque
549 2392 749 2472 malevolis;
772 2392 840 2461 nisi
865 2395 983 2462 lorsan
1004 2391 1172 2463 invidiam

88 2531 182 2580 mors
209 2510 377 2591 extinxit,
404 2528 485 2600 quie
517 2519 637 2579 eontra
675 2512 807 2582 nullum
845 2510 1020 2582 hominem
1054 2521 1172 2582 nostra

88 2644 191 2704 aetate
214 2642 360 2713 tantum,
380 2630 475 2723 quod
496 2632 670 2715 noverim,
688 2653 776 2702 ausa
796 2640 870 2711 est;
900 2642 938 2702 ut
964 2631 1023 2723 qui
1056 2631 1170 2703 virum

86 2754 254 2847 optimum
277 2752 407 2824 scirent
428 2753 533 2845 (Deus
550 2749 641 2824 bone
665 2773 747 2844 quae
767 2753 1036 2846 perversitasll,
1060 2753 1172 2846 pessi-

85 2899 180 2948 mum
201 2875 449 2968 praedicarent,
472 2884 507 2945 et
526 2896 632 2968 quem
655 2874 780 2979 imitari
800 2875 1003 2960 debuerant,
1026 2877 1171 2947 insama-

88 3011 176 3071 rent.
197 2999 266 3070 Sed
292 3001 360 3070 iarn
387 3020 449 3070 seu
485 3004 664 3069 saturatus
691 3007 803 3069 morte
842 2998 930 3069 livor
960 2999 1077 3080 sileat,
1104 3017 1169 3068 sea

87 3122 228 3202 saeviat,
244 3121 327 3191 mihi
341 3133 396 3193 sat
414 3135 471 3194 est
491 3143 609 3193 meum
630 3119 675 3193 de
696 3119 861 3191 immobili
883 3142 999 3193 rerum
1018 3118 1168 3190 veritate

85 3240 263 3324 iudicium,
286 3264 399 3333 oeque
420 3263 536 3312 meum
558 3242 673 3327 modo,
692 3243 756 3314 sed
775 3264 895 3313 eorum
918 3242 1070 3313 omniunt
1092 3241 1169 3335 qui-

84 3361 151 3434 bus
172 3361 302 3432 veritas
327 3361 550 3457 passionibus
575 3364 751 3457 antiquior
776 3364 958 3458 potiorque
980 3374 1054 3437 est:
1082 3362 1167 3434 satis

84 3499 152 3568 est,
176 3482 334 3574 inquom,
354 3484 492 3556 mihiel
512 3487 586 3556 vivi
600 3487 694 3557 illius
709 3487 856 3558 invisam
878 3487 996 3573 mulis,
1019 3498 1055 3558 et
1074 3509 1166 3559 mor·

84 3609 132 3679 tui
161 3607 390 3677 immortalem
410 3628 517 3679 nosse
537 3608 717 3679 virtutem:
737 3632 843 3702 quarn
864 3631 932 3679 non
951 3610 1030 3682 ideo
1051 3608 1164 3680 minus

85 3750 180 3812 amo,
205 3726 323 3799 minus
355 3748 515 3812 veneror,
538 3730 653 3801 minus
678 3732 786 3802 miror
807 3731 900 3824 qaod
926 3732 956 3802 is
988 3730 1087 3803 cuius
1108 3732 1165 3803 illa

83 3862 159 3921 erat
177 3850 357 3920 extinctus
378 3849 436 3931 sit3
457 3847 618 3943 extingui
639 3851 733 3921 enim
758 3852 834 3943 ipsa
858 3874 926 3924 non
954 3860 1079 3944 potest.
1105 3853 1164 3926 llle

82 3972 184 4044 alias:
204 3974 296 4054 haeo,
310 3971 412 4065 quasi
430 3972 489 4042 illo
507 3983 693 4064 praesente,
719 3994 877 4066 praesens
898 3985 966 4047 est:
985 3975 1051 4049 huo
1065 3976 1161 4048 lruor

81 4095 200 4183 igitar,
224 4098 321 4168 illum
339 4105 422 4189 opto
438 4094 508 4167 cito
524 4093 666 4186 quidem
689 4096 881 4180 revisurus,
906 4108 944 4170 ut
964 4118 1086 4192 spero;
1109 4110 1160 4171 ta-
