2834 5086
170 674 209 738 to
507 664 547 731 its
569 684 670 734 assus
692 681 915 735 resultamus

168 849 251 903 oeus
272 829 373 899 uobis
393 829 594 921 exempium
615 848 721 900 casus
743 829 909 910 attulerit,
931 846 1023 897 neve
1043 826 1111 896 iam
1132 826 1248 898 Ponti-

169 955 225 1022 iex
243 969 409 1021 romanus
430 949 620 1044 principem
643 969 825 1022 romanum
847 947 965 1018 Romae
982 966 1063 1019 esse
1082 951 1245 1034 vetuerit,

167 1071 261 1165 quod
282 1074 427 1143 etfama
448 1071 611 1164 loquitur,
629 1048 767 1162 etfuga
787 1066 1084 1149 Caesarisiudicio
1104 1083 1168 1155 est,
1186 1073 1248 1164 qui

168 1215 235 1263 uon
257 1191 419 1287 cupidius
441 1194 572 1266 ltaliam
594 1193 692 1287 petiit
710 1211 816 1284 quam
837 1189 985 1282 reliquit
1009 1203 1047 1263 ut
1066 1193 1150 1262 mihi
1170 1195 1247 1287 qui-

168 1319 247 1391 dem
271 1339 490 1414 supervacuo
515 1317 595 1410 pelli
620 1314 798 1396 videatur,
820 1311 882 1405 qui
909 1323 978 1386 tam
1005 1314 1117 1386 libens
1142 1318 1243 1408 fugit,

166 1463 272 1534 quem
299 1453 419 1514 tenere
445 1441 474 1512 si
499 1440 588 1511 veiis
615 1439 691 1508 siue
715 1457 844 1528 magno
870 1458 1025 1530 nequeas
1047 1437 1176 1509 labore.
1204 1439 1249 1510 Ut

166 1566 259 1636 enim
281 1587 374 1637 nunc
400 1561 566 1652 intelligo,
589 1580 658 1630 uon
678 1557 748 1630 huc
772 1559 874 1631 aliam
896 1558 942 1629 ob
966 1581 1107 1632 causam
1134 1563 1245 1644 venit,

167 1690 235 1758 uisi
269 1700 307 1758 ut
339 1684 499 1757 diadema
526 1682 730 1754 Caesarcum
763 1702 828 1753 sua
862 1682 897 1751 in
927 1680 1012 1752 sade
1043 1685 1246 1777 susciperet.

167 1809 314 1880 Tantum
335 1805 451 1878 adhuc
475 1803 696 1888 reverentiae,
720 1825 789 1874 non
815 1805 983 1897 amplius,
1006 1818 1176 1898 superest.
1203 1805 1248 1874 At

168 1949 354 2002 successor
377 1927 468 1998 Petri
494 1926 645 1997 Caesaris
672 1946 883 2020 successore¹
905 1925 1069 2010 securior,
1092 1927 1159 1998 ista
1179 1948 1248 1998 uon

165 2062 277 2136 curat,
301 2069 476 2142 suumque
501 2049 577 2142 ipse
603 2048 764 2122 diadema
788 2071 859 2122 nou
888 2049 999 2143 pluris
1024 2050 1118 2146 apud
1147 2050 1249 2121 Tibe·

165 2174 229 2244 rim
257 2193 362 2265 quam
388 2171 484 2265 apud
509 2172 716 2245 Rhodanum
742 2175 845 2246 facit:
871 2176 903 2246 is
928 2196 1023 2247 nuuc
1048 2174 1247 2247 diademate

164 2305 365 2368 contentum
390 2304 426 2367 et
450 2295 586 2389 imperii
611 2295 710 2368 titulo
738 2298 844 2368 Roma
870 2297 1005 2390 digredi
1039 2320 1107 2370 uon
1135 2299 1248 2371 solum

164 2420 295 2512 patitur
315 2419 379 2491 sed
398 2417 517 2489 iubet:
538 2430 575 2491 et
593 2441 698 2513 quem
720 2420 965 2515 imperatorem
985 2421 1054 2494 dici
1075 2420 1164 2505 sinit,
1184 2422 1249 2491 im-

163 2560 288 2634 perare
319 2550 437 2612 autem
464 2544 559 2613 nullo
586 2544 632 2614 sit
656 2542 760 2614 modo
785 2543 935 2629 siturus,
970 2544 1051 2616 huic
1083 2543 1129 2639 (ο
1154 2554 1248 2614 artes

164 2662 343 2733 hominum
369 2661 482 2757 mirre)
503 2667 681 2759 penetrale
702 2665 909 2738 diadematis
931 2669 1097 2762 templum
1123 2668 1246 2762 aperit,

164 2805 280 2856 amem
299 2785 492 2880 sedemque
513 2788 647 2884 imperii
665 2787 787 2861 urbem
806 2789 947 2862 claudit.
965 2792 1049 2863 Haec
1065 2790 1247 2862 hactenus.

164 2908 310 2979 Laeiium
323 2928 449 2996 meum,
465 2909 536 2985 imo
544 2922 653 2998 tuum,
668 2912 739 2986 imo
752 2921 920 2998 nostrum,
940 2913 1249 2987 familiarissimam

163 3029 297 3101 Caesari
316 3032 444 3105 factum
467 3036 619 3126 gaudeo,
639 3057 711 3108 nou
731 3037 860 3118 miror;
882 3035 1081 3106 nihii'enim
1101 3047 1158 3107 est
1175 3037 1249 3109 vir·

165 3163 239 3225 tute
256 3154 426 3247 rapacius,
446 3156 602 3249 nihilque
620 3158 794 3228 tenacius:
813 3157 903 3250 rapit
919 3158 1097 3249 vincitque
1112 3159 1248 3228 animos

164 3274 345 3348 hominum
371 3279 579 3371 vinctosque
604 3278 714 3350 semei
739 3275 776 3348 in
801 3288 1009 3373 perpetuum
1032 3278 1172 3348 vinctos
1196 3286 1249 3347 te-

166 3408 236 3470 net.
257 3399 357 3471 Nulla
376 3401 461 3471 mihi
481 3399 651 3473 dubitatio
672 3422 826 3493 unquam
847 3398 913 3469 fuit
931 3399 1026 3490 quod
1047 3420 1117 3471 non
1135 3400 1248 3472 solum

166 3520 213 3593 ab
237 3522 298 3595 illo
323 3522 578 3596 humanissimo
602 3523 798 3619 principum
831 3522 896 3594 sed
912 3519 960 3591 ab
984 3521 1245 3616 alioquolibet,

164 3643 246 3716 licet
263 3646 453 3742 asperioris
471 3647 625 3738 ingenii,
647 3646 702 3719 cui
723 3655 840 3718 tamen
861 3645 975 3720 virtus
995 3645 1031 3717 iu
1050 3648 1162 3741 pretio
1183 3648 1245 3732 sit,

163 3777 286 3859 posset
319 3768 376 3841 ilie
413 3770 468 3840 vir
506 3790 661 3842 amorem
695 3769 907 3866 promereri,
949 3770 1054 3871 modo
1089 3771 1247 3844 notitiam
1280 3795 1282 3798 ⁴

164 3891 363 3963 meruisset.
385 3889 471 3973 Quis
491 3892 584 3964 enim
605 3902 678 3964 tam
698 3890 847 3983 agrestis
867 3901 924 3965 est
949 3903 987 3965 ut
1006 3893 1152 3965 Laelium
1178 3913 1248 3963 non

165 4022 272 4097 amet,
305 4022 341 4083 et
366 4012 546 4107 sapientiae
572 4014 675 4087 laude
698 4016 926 4109 conspicuum
959 4026 995 4088 et
1019 4017 1054 4086 in
1087 4011 1247 4085 amicitiis

165 4137 318 4208 faustum
339 4140 489 4208 nomen?
513 4137 673 4221 Quodsi
698 4142 771 4212 sola
795 4139 937 4212 virtutis
963 4142 1056 4230 tama
1080 4132 1185 4205 efficit
1209 4153 1247 4217 ur

165 4280 270 4349 quem
287 4281 467 4353 nunquam
484 4261 638 4335 vidimus
660 4283 780 4336 senem
798 4264 895 4335 illum
912 4259 1058 4332 Laelium
1075 4276 1245 4341 amemus,

164 4379 250 4473 quid
275 4381 380 4454 huius
401 4384 511 4457 nostri
537 4384 650 4457 virtus
674 4407 716 4457 ac
741 4385 932 4479 praesentia
955 4399 1063 4475 posse
1088 4377 1248 4449 debenti

166 4502 286 4597 itaque
308 4505 422 4579 minus
443 4508 550 4580 miror
570 4509 666 4601 quod
685 4509 731 4580 de
757 4507 887 4598 Legata
906 4502 1009 4576 Sedis
1034 4496 1245 4595 Apostolicae
