<?xml version="1.0" encoding="UTF-8"?>
<!DOCTYPE html PUBLIC "-//W3C//DTD XHTML 1.0 Transitional//EN"
    "http://www.w3.org/TR/xhtml1/DTD/xhtml1-transitional.dtd">
<html xmlns="http://www.w3.org/1999/xhtml" xml:lang="en" lang="en">
 <head>
  <title>
</title>
<meta http-equiv="Content-Type" content="text/html;charset=utf-8" />
  <meta name='ocr-system' content='tesseract 3.04.00' />
  <meta name='ocr-capabilities' content='ocr_page ocr_carea ocr_par ocr_line ocrx_word'/>
</head>
<body>
  <div class='ocr_page' id='page_1' title='image "./epistolaederebu01fracgoog_0140.png"; bbox 0 0 2670 4688; ppageno 0'>
   <div class='ocr_carea' id='block_1_1' title="bbox 185 297 936 358">
    <p class='ocr_par' dir='ltr' id='par_1_1' title="bbox 185 297 936 358">
     <span class='ocr_line' id='line_1_1' title="bbox 185 297 936 358; baseline -0.007 0"><span class='ocrx_word' id='word_1_1' title='bbox 185 297 244 358; x_wconf 73' lang='lat' dir='ltr'>rso</span> <span class='ocrx_word' id='word_1_2' title='bbox 529 306 569 354; x_wconf 79' lang='lat' dir='ltr'>ns</span> <span class='ocrx_word' id='word_1_3' title='bbox 592 303 692 353; x_wconf 80' lang='lat' dir='ltr'>uenus</span> <span class='ocrx_word' id='word_1_4' title='bbox 715 301 936 353; x_wconf 67' lang='lat' dir='ltr'>ruuuruurucs</span> 
     </span>
    </p>
   </div>
   <div class='ocr_carea' id='block_1_2' title="bbox 144 442 1295 4205">
    <p class='ocr_par' dir='ltr' id='par_1_2' title="bbox 144 442 1295 4205">
     <span class='ocr_line' id='line_1_2' title="bbox 184 442 1274 540; baseline -0.003 -18"><span class='ocrx_word' id='word_1_5' title='bbox 184 453 273 522; x_wconf 86' lang='lat' dir='ltr'>ciet:</span> <span class='ocrx_word' id='word_1_6' title='bbox 296 447 447 540; x_wconf 85' lang='lat' dir='ltr'>denique</span> <span class='ocrx_word' id='word_1_7' title='bbox 468 444 637 540; x_wconf 88' lang='lat' dir='ltr'>quidquid</span> <span class='ocrx_word' id='word_1_8' title='bbox 665 447 750 514; x_wconf 85' lang='lat' dir='ltr'>aiter</span> <span class='ocrx_word' id='word_1_9' title='bbox 777 444 900 536; x_wconf 84' lang='lat' dir='ltr'>egerit,</span> <span class='ocrx_word' id='word_1_10' title='bbox 926 442 1123 536; x_wconf 87' lang='lat' dir='ltr'>ubicunque</span> <span class='ocrx_word' id='word_1_11' title='bbox 1144 447 1274 530; x_wconf 82' lang='lat' dir='ltr'>fuerit,</span> 
     </span>
     <span class='ocr_line' id='line_1_3' title="bbox 185 566 1280 666; baseline -0.001 -23"><span class='ocrx_word' id='word_1_12' title='bbox 185 591 394 666; x_wconf 88' lang='lat' dir='ltr'>quocunque</span> <span class='ocrx_word' id='word_1_13' title='bbox 416 590 453 641; x_wconf 90' lang='lat' dir='ltr'>se</span> <span class='ocrx_word' id='word_1_14' title='bbox 478 569 628 639; x_wconf 89' lang='lat' dir='ltr'>moverit</span> <span class='ocrx_word' id='word_1_15' title='bbox 654 570 740 638; x_wconf 85' lang='lat' dir='ltr'>atter</span> <span class='ocrx_word' id='word_1_16' title='bbox 761 566 806 639; x_wconf 89' lang='lat' dir='ltr'>ad</span> <span class='ocrx_word' id='word_1_17' title='bbox 824 567 1007 637; x_wconf 84' lang='lat' dir='ltr'>dexteram</span> <span class='ocrx_word' id='word_1_18' title='bbox 1025 567 1102 636; x_wconf 88' lang='lat' dir='ltr'>erit.</span> <span class='ocrx_word' id='word_1_19' title='bbox 1122 567 1166 637; x_wconf 84' lang='lat' dir='ltr'>Et</span> <span class='ocrx_word' id='word_1_20' title='bbox 1182 592 1280 661; x_wconf 92' lang='lat' dir='ltr'>quo-</span> 
     </span>
     <span class='ocr_line' id='line_1_4' title="bbox 186 690 1276 781; baseline -0.002 -17"><span class='ocrx_word' id='word_1_21' title='bbox 186 695 276 764; x_wconf 89' lang='lat' dir='ltr'>niam</span> <span class='ocrx_word' id='word_1_22' title='bbox 298 702 456 763; x_wconf 85' lang='lat' dir='ltr'>extrema</span> <span class='ocrx_word' id='word_1_23' title='bbox 482 691 632 762; x_wconf 83' lang='lat' dir='ltr'>hominis</span> <span class='ocrx_word' id='word_1_24' title='bbox 658 690 868 760; x_wconf 84' lang='lat' dir='ltr'>dissimulari</span> <span class='ocrx_word' id='word_1_25' title='bbox 892 700 1037 781; x_wconf 79' lang='lat' dir='ltr'><strong>possunt</strong></span> <span class='ocrx_word' id='word_1_26' title='bbox 1063 710 1130 759; x_wconf 94' lang='lat' dir='ltr'>non</span> <span class='ocrx_word' id='word_1_27' title='bbox 1152 693 1276 773; x_wconf 79' lang='lat' dir='ltr'>vitari,</span> 
     </span>
     <span class='ocr_line' id='line_1_5' title="bbox 186 811 1278 908; baseline 0 -22"><span class='ocrx_word' id='word_1_28' title='bbox 186 839 231 887; x_wconf 87' lang='lat' dir='ltr'>ue</span> <span class='ocrx_word' id='word_1_29' title='bbox 255 814 384 887; x_wconf 83' lang='lat' dir='ltr'>differri</span> <span class='ocrx_word' id='word_1_30' title='bbox 409 813 587 908; x_wconf 81' lang='lat' dir='ltr'>equidem,</span> <span class='ocrx_word' id='word_1_31' title='bbox 616 812 756 907; x_wconf 92' lang='lat' dir='ltr'>quando</span> <span class='ocrx_word' id='word_1_32' title='bbox 782 815 870 883; x_wconf 80' lang='lat' dir='ltr'>atter</span> <span class='ocrx_word' id='word_1_33' title='bbox 894 811 1033 894; x_wconf 89' lang='lat' dir='ltr'>obierit,</span> <span class='ocrx_word' id='word_1_34' title='bbox 1061 814 1149 882; x_wconf 86' lang='lat' dir='ltr'>alter</span> <span class='ocrx_word' id='word_1_35' title='bbox 1175 813 1278 886; x_wconf 85' lang='lat' dir='ltr'>iilum</span> 
     </span>
     <span class='ocr_line' id='line_1_6' title="bbox 186 933 1281 1030; baseline 0 -22"><span class='ocrx_word' id='word_1_36' title='bbox 186 937 351 1010; x_wconf 88' lang='lat' dir='ltr'>memoria</span> <span class='ocrx_word' id='word_1_37' title='bbox 371 946 621 1030; x_wconf 76' lang='lat' dir='ltr'>prosequetur,</span> <span class='ocrx_word' id='word_1_38' title='bbox 643 935 737 1005; x_wconf 91' lang='lat' dir='ltr'>illum</span> <span class='ocrx_word' id='word_1_39' title='bbox 759 936 880 1005; x_wconf 82' lang='lat' dir='ltr'>vivere</span> <span class='ocrx_word' id='word_1_40' title='bbox 898 933 1110 1025; x_wconf 89' lang='lat' dir='ltr'>opinabitur;</span> <span class='ocrx_word' id='word_1_41' title='bbox 1129 957 1195 1007; x_wconf 88' lang='lat' dir='ltr'>nee</span> <span class='ocrx_word' id='word_1_42' title='bbox 1211 938 1281 1008; x_wconf 81' lang='lat' dir='ltr'>sai-</span> 
     </span>
     <span class='ocr_line' id='line_1_7' title="bbox 186 1056 1280 1149; baseline -0.002 -17"><span class='ocrx_word' id='word_1_43' title='bbox 186 1065 298 1132; x_wconf 87' lang='lat' dir='ltr'>lctur:</span> <span class='ocrx_word' id='word_1_44' title='bbox 319 1059 416 1130; x_wconf 87' lang='lat' dir='ltr'>vivet</span> <span class='ocrx_word' id='word_1_45' title='bbox 432 1058 525 1130; x_wconf 89' lang='lat' dir='ltr'>enim</span> <span class='ocrx_word' id='word_1_46' title='bbox 544 1080 642 1138; x_wconf 90' lang='lat' dir='ltr'>vere,</span> <span class='ocrx_word' id='word_1_47' title='bbox 662 1056 722 1127; x_wconf 85' lang='lat' dir='ltr'>ilio</span> <span class='ocrx_word' id='word_1_48' title='bbox 740 1066 945 1147; x_wconf 85' lang='lat' dir='ltr'>praestante,</span> <span class='ocrx_word' id='word_1_49' title='bbox 964 1056 1057 1147; x_wconf 87' lang='lat' dir='ltr'>apud</span> <span class='ocrx_word' id='word_1_50' title='bbox 1074 1077 1177 1149; x_wconf 86' lang='lat' dir='ltr'>quem</span> <span class='ocrx_word' id='word_1_51' title='bbox 1196 1058 1280 1131; x_wconf 80' lang='lat' dir='ltr'>sons</span> 
     </span>
     <span class='ocr_line' id='line_1_8' title="bbox 186 1177 1283 1274; baseline -0.001 -21"><span class='ocrx_word' id='word_1_52' title='bbox 186 1182 270 1253; x_wconf 75' lang='lat' dir='ltr'>vitm</span> <span class='ocrx_word' id='word_1_53' title='bbox 282 1192 352 1252; x_wconf 86' lang='lat' dir='ltr'>est:</span> <span class='ocrx_word' id='word_1_54' title='bbox 368 1179 594 1274; x_wconf 78' lang='lat' dir='ltr'>superstitem</span> <span class='ocrx_word' id='word_1_55' title='bbox 608 1179 761 1248; x_wconf 93' lang='lat' dir='ltr'>nondum</span> <span class='ocrx_word' id='word_1_56' title='bbox 780 1180 903 1248; x_wconf 88' lang='lat' dir='ltr'>vivere</span> <span class='ocrx_word' id='word_1_57' title='bbox 922 1177 1139 1270; x_wconf 86' lang='lat' dir='ltr'>incipientem</span> <span class='ocrx_word' id='word_1_58' title='bbox 1157 1189 1194 1250; x_wconf 88' lang='lat' dir='ltr'>et</span> <span class='ocrx_word' id='word_1_59' title='bbox 1212 1183 1283 1252; x_wconf 92' lang='lat' dir='ltr'>mi-</span> 
     </span>
     <span class='ocr_line' id='line_1_9' title="bbox 188 1300 1280 1394; baseline -0.001 -19"><span class='ocrx_word' id='word_1_60' title='bbox 188 1325 312 1376; x_wconf 90' lang='lat' dir='ltr'>serans</span> <span class='ocrx_word' id='word_1_61' title='bbox 330 1313 366 1374; x_wconf 93' lang='lat' dir='ltr'>et</span> <span class='ocrx_word' id='word_1_62' title='bbox 382 1310 575 1393; x_wconf 84' lang='lat' dir='ltr'>expectans</span> <span class='ocrx_word' id='word_1_63' title='bbox 591 1328 597 1368; x_wconf 93' lang='lat'>:</span> <span class='ocrx_word' id='word_1_64' title='bbox 616 1321 768 1394; x_wconf 91' lang='lat' dir='ltr'>cumque</span> <span class='ocrx_word' id='word_1_65' title='bbox 781 1300 836 1371; x_wconf 87' lang='lat' dir='ltr'>ilie</span> <span class='ocrx_word' id='word_1_66' title='bbox 849 1313 1060 1370; x_wconf 87' lang='lat' dir='ltr'>consecutus</span> <span class='ocrx_word' id='word_1_67' title='bbox 1075 1302 1185 1383; x_wconf 78' lang='lat' dir='ltr'>fuerit,</span> <span class='ocrx_word' id='word_1_68' title='bbox 1203 1312 1280 1374; x_wconf 87' lang='lat' dir='ltr'>turn</span> 
     </span>
     <span class='ocr_line' id='line_1_10' title="bbox 188 1423 1283 1514; baseline -0.003 -17"><span class='ocrx_word' id='word_1_69' title='bbox 188 1425 330 1497; x_wconf 88' lang='lat' dir='ltr'>demum</span> <span class='ocrx_word' id='word_1_70' title='bbox 350 1425 380 1494; x_wconf 89' lang='lat' dir='ltr'>si</span> <span class='ocrx_word' id='word_1_71' title='bbox 398 1433 478 1494; x_wconf 90' lang='lat' dir='ltr'>ante</span> <span class='ocrx_word' id='word_1_72' title='bbox 496 1443 564 1492; x_wconf 88' lang='lat' dir='ltr'>nou</span> <span class='ocrx_word' id='word_1_73' title='bbox 582 1443 783 1514; x_wconf 84' lang='lat' dir='ltr'>possumus,</span> <span class='ocrx_word' id='word_1_74' title='bbox 805 1443 872 1492; x_wconf 91' lang='lat' dir='ltr'>uua</span> <span class='ocrx_word' id='word_1_75' title='bbox 889 1423 1020 1492; x_wconf 86' lang='lat' dir='ltr'>erimus</span> <span class='ocrx_word' id='word_1_76' title='bbox 1042 1423 1117 1492; x_wconf 90' lang='lat' dir='ltr'>sine</span> <span class='ocrx_word' id='word_1_77' title='bbox 1134 1423 1283 1495; x_wconf 88' lang='lat' dir='ltr'>divortii</span> 
     </span>
     <span class='ocr_line' id='line_1_11' title="bbox 189 1543 1284 1639; baseline 0.002 -22"><span class='ocrx_word' id='word_1_78' title='bbox 189 1559 302 1627; x_wconf 92' lang='lat' dir='ltr'>mctu;</span> <span class='ocrx_word' id='word_1_79' title='bbox 325 1555 406 1617; x_wconf 88' lang='lat' dir='ltr'>tuno</span> <span class='ocrx_word' id='word_1_80' title='bbox 420 1546 780 1629; x_wconf 86' lang='lat' dir='ltr'>alterutrum,tuncet</span> <span class='ocrx_word' id='word_1_81' title='bbox 801 1552 893 1615; x_wconf 84' lang='lat' dir='ltr'>tuam</span> <span class='ocrx_word' id='word_1_82' title='bbox 915 1543 1048 1615; x_wconf 86' lang='lat' dir='ltr'>iuvabit</span> <span class='ocrx_word' id='word_1_83' title='bbox 1072 1543 1284 1639; x_wconf 83' lang='lat' dir='ltr'>despectare</span> 
     </span>
     <span class='ocr_line' id='line_1_12' title="bbox 189 1667 1282 1762; baseline 0.002 -24"><span class='ocrx_word' id='word_1_84' title='bbox 189 1667 443 1762; x_wconf 89' lang='lat' dir='ltr'>Parthenopem</span> <span class='ocrx_word' id='word_1_85' title='bbox 457 1679 492 1737; x_wconf 89' lang='lat' dir='ltr'>et</span> <span class='ocrx_word' id='word_1_86' title='bbox 506 1688 617 1738; x_wconf 87' lang='lat' dir='ltr'>meam</span> <span class='ocrx_word' id='word_1_87' title='bbox 636 1667 790 1750; x_wconf 85' lang='lat' dir='ltr'>Romam,</span> <span class='ocrx_word' id='word_1_88' title='bbox 808 1683 843 1738; x_wconf 91' lang='lat' dir='ltr'>ct</span> <span class='ocrx_word' id='word_1_89' title='bbox 856 1678 1009 1736; x_wconf 89' lang='lat' dir='ltr'>nostram</span> <span class='ocrx_word' id='word_1_90' title='bbox 1025 1667 1157 1737; x_wconf 87' lang='lat' dir='ltr'>ltaliam</span> <span class='ocrx_word' id='word_1_91' title='bbox 1170 1690 1282 1760; x_wconf 91' lang='lat' dir='ltr'>quam</span> 
     </span>
     <span class='ocr_line' id='line_1_13' title="bbox 191 1787 1284 1884; baseline -0.001 -22"><span class='ocrx_word' id='word_1_92' title='bbox 191 1811 297 1884; x_wconf 91' lang='lat' dir='ltr'>parva</span> <span class='ocrx_word' id='word_1_93' title='bbox 319 1790 379 1873; x_wconf 90' lang='lat' dir='ltr'>sit,</span> <span class='ocrx_word' id='word_1_94' title='bbox 405 1811 487 1883; x_wconf 82' lang='lat' dir='ltr'>quae</span> <span class='ocrx_word' id='word_1_95' title='bbox 513 1801 634 1862; x_wconf 89' lang='lat' dir='ltr'>nostro</span> <span class='ocrx_word' id='word_1_96' title='bbox 654 1789 826 1862; x_wconf 88' lang='lat' dir='ltr'>convictui</span> <span class='ocrx_word' id='word_1_97' title='bbox 853 1787 1083 1859; x_wconf 86' lang='lat' dir='ltr'>distrahendo</span> <span class='ocrx_word' id='word_1_98' title='bbox 1109 1799 1179 1858; x_wconf 91' lang='lat' dir='ltr'>tam</span> <span class='ocrx_word' id='word_1_99' title='bbox 1208 1810 1284 1861; x_wconf 92' lang='lat' dir='ltr'>ma-</span> 
     </span>
     <span class='ocr_line' id='line_1_14' title="bbox 190 1911 1282 2005; baseline 0.001 -23"><span class='ocrx_word' id='word_1_100' title='bbox 190 1932 259 2004; x_wconf 78' lang='lat' dir='ltr'>gna</span> <span class='ocrx_word' id='word_1_101' title='bbox 271 1920 335 1995; x_wconf 88' lang='lat' dir='ltr'>est,</span> <span class='ocrx_word' id='word_1_102' title='bbox 351 1922 389 1984; x_wconf 89' lang='lat' dir='ltr'>ut</span> <span class='ocrx_word' id='word_1_103' title='bbox 406 1916 512 1985; x_wconf 87' lang='lat' dir='ltr'>semei</span> <span class='ocrx_word' id='word_1_104' title='bbox 530 1911 712 2005; x_wconf 79' lang='lat' dir='ltr'>digressos</span> <span class='ocrx_word' id='word_1_105' title='bbox 732 1911 896 2002; x_wconf 79' lang='lat' dir='ltr'>congredi</span> <span class='ocrx_word' id='word_1_106' title='bbox 916 1913 1064 2005; x_wconf 84' lang='lat' dir='ltr'>amptius</span> <span class='ocrx_word' id='word_1_107' title='bbox 1081 1931 1151 1980; x_wconf 92' lang='lat' dir='ltr'>non</span> <span class='ocrx_word' id='word_1_108' title='bbox 1170 1911 1282 1983; x_wconf 88' lang='lat' dir='ltr'>sinat:</span> 
     </span>
     <span class='ocr_line' id='line_1_15' title="bbox 190 2032 1282 2127; baseline 0 -24"><span class='ocrx_word' id='word_1_109' title='bbox 190 2045 543 2127; x_wconf 87' lang='lat' dir='ltr'>nequeverotantum</span> <span class='ocrx_word' id='word_1_110' title='bbox 553 2032 1282 2126; x_wconf 79' lang='lat' dir='ltr'>oculissedlittcrisqucquenegetaditum,</span> 
     </span>
     <span class='ocr_line' id='line_1_16' title="bbox 144 2156 1284 2249; baseline 0 -24"><span class='ocrx_word' id='word_1_111' title='bbox 144 2222 145 2225; x_wconf 74' lang='grc'>,</span> <span class='ocrx_word' id='word_1_112' title='bbox 194 2159 287 2229; x_wconf 88' lang='lat' dir='ltr'>etad</span> <span class='ocrx_word' id='word_1_113' title='bbox 302 2179 474 2229; x_wconf 90' lang='lat' dir='ltr'>summam</span> <span class='ocrx_word' id='word_1_114' title='bbox 486 2159 583 2229; x_wconf 85' lang='lat' dir='ltr'>brevi</span> <span class='ocrx_word' id='word_1_115' title='bbox 597 2170 765 2229; x_wconf 87' lang='lat' dir='ltr'>terrarum</span> <span class='ocrx_word' id='word_1_116' title='bbox 777 2156 888 2249; x_wconf 86' lang='lat' dir='ltr'>spatio</span> <span class='ocrx_word' id='word_1_117' title='bbox 899 2158 944 2227; x_wconf 92' lang='lat' dir='ltr'>ita</span> <span class='ocrx_word' id='word_1_118' title='bbox 957 2157 1284 2249; x_wconf 86' lang='lat' dir='ltr'>nosseparetquasi</span> 
     </span>
     <span class='ocr_line' id='line_1_17' title="bbox 193 2278 1285 2365; baseline 0.004 -17"><span class='ocrx_word' id='word_1_119' title='bbox 193 2281 283 2351; x_wconf 87' lang='lat' dir='ltr'>alter</span> <span class='ocrx_word' id='word_1_120' title='bbox 300 2280 422 2351; x_wconf 86' lang='lat' dir='ltr'>indum</span> <span class='ocrx_word' id='word_1_121' title='bbox 441 2282 528 2351; x_wconf 85' lang='lat' dir='ltr'>alter</span> <span class='ocrx_word' id='word_1_122' title='bbox 546 2279 684 2352; x_wconf 84' lang='lat' dir='ltr'>iberum</span> <span class='ocrx_word' id='word_1_123' title='bbox 703 2288 820 2351; x_wconf 89' lang='lat' dir='ltr'>servet</span> <span class='ocrx_word' id='word_1_124' title='bbox 837 2279 1023 2349; x_wconf 81' lang='lat' dir='ltr'>Oceanum.</span> <span class='ocrx_word' id='word_1_125' title='bbox 1042 2278 1202 2365; x_wconf 91' lang='lat' dir='ltr'>Animus,</span> <span class='ocrx_word' id='word_1_126' title='bbox 1221 2301 1285 2352; x_wconf 79' lang='lat' dir='ltr'>uo</span> 
     </span>
     <span class='ocr_line' id='line_1_18' title="bbox 193 2399 1285 2499; baseline 0.005 -28"><span class='ocrx_word' id='word_1_127' title='bbox 193 2399 364 2475; x_wconf 86' lang='lat' dir='ltr'>bilissima</span> <span class='ocrx_word' id='word_1_128' title='bbox 381 2424 463 2499; x_wconf 90' lang='lat' dir='ltr'>pars</span> <span class='ocrx_word' id='word_1_129' title='bbox 481 2426 596 2475; x_wconf 91' lang='lat' dir='ltr'>rerum</span> <span class='ocrx_word' id='word_1_130' title='bbox 615 2415 651 2475; x_wconf 86' lang='lat' dir='ltr'>et</span> <span class='ocrx_word' id='word_1_131' title='bbox 668 2416 804 2476; x_wconf 81' lang='lat' dir='ltr'>naturae</span> <span class='ocrx_word' id='word_1_132' title='bbox 819 2401 992 2497; x_wconf 88' lang='lat' dir='ltr'>opificium</span> <span class='ocrx_word' id='word_1_133' title='bbox 1011 2403 1201 2485; x_wconf 76' lang='lat' dir='ltr'>exceliens</span> <span class='ocrx_word' id='word_1_134' title='bbox 1220 2427 1285 2477; x_wconf 89' lang='lat' dir='ltr'>nec</span> 
     </span>
     <span class='ocr_line' id='line_1_19' title="bbox 193 2525 1278 2622; baseline 0 -22"><span class='ocrx_word' id='word_1_135' title='bbox 193 2526 270 2620; x_wconf 78' lang='lat' dir='ltr'>cogi</span> <span class='ocrx_word' id='word_1_136' title='bbox 293 2538 410 2622; x_wconf 90' lang='lat' dir='ltr'>potest</span> <span class='ocrx_word' id='word_1_137' title='bbox 430 2549 494 2600; x_wconf 89' lang='lat' dir='ltr'>uec</span> <span class='ocrx_word' id='word_1_138' title='bbox 512 2526 641 2601; x_wconf 91' lang='lat' dir='ltr'>teneri:</span> <span class='ocrx_word' id='word_1_139' title='bbox 664 2527 719 2599; x_wconf 85' lang='lat' dir='ltr'>ilie</span> <span class='ocrx_word' id='word_1_140' title='bbox 740 2538 875 2599; x_wconf 86' lang='lat' dir='ltr'>montes</span> <span class='ocrx_word' id='word_1_141' title='bbox 894 2537 929 2598; x_wconf 89' lang='lat' dir='ltr'>et</span> <span class='ocrx_word' id='word_1_142' title='bbox 947 2525 1054 2596; x_wconf 86' lang='lat' dir='ltr'>maria</span> <span class='ocrx_word' id='word_1_143' title='bbox 1078 2530 1278 2607; x_wconf 69' lang='lat' dir='ltr'>transvolet,</span> 
     </span>
     <span class='ocr_line' id='line_1_20' title="bbox 192 2645 1287 2747; baseline 0 -25"><span class='ocrx_word' id='word_1_144' title='bbox 192 2670 355 2724; x_wconf 85' lang='lat' dir='ltr'>carceres</span> <span class='ocrx_word' id='word_1_145' title='bbox 372 2651 494 2747; x_wconf 86' lang='lat' dir='ltr'>aperit,</span> <span class='ocrx_word' id='word_1_146' title='bbox 509 2653 673 2744; x_wconf 80' lang='lat' dir='ltr'>repagula</span> <span class='ocrx_word' id='word_1_147' title='bbox 691 2650 826 2732; x_wconf 90' lang='lat' dir='ltr'>disiicit,</span> <span class='ocrx_word' id='word_1_148' title='bbox 849 2663 966 2720; x_wconf 87' lang='lat' dir='ltr'>vectos</span> <span class='ocrx_word' id='word_1_149' title='bbox 985 2645 1123 2737; x_wconf 78' lang='lat' dir='ltr'>trangit,</span> <span class='ocrx_word' id='word_1_150' title='bbox 1140 2648 1287 2739; x_wconf 91' lang='lat' dir='ltr'>quando</span> 
     </span>
     <span class='ocr_line' id='line_1_21' title="bbox 193 2768 1288 2868; baseline 0.002 -27"><span class='ocrx_word' id='word_1_151' title='bbox 193 2782 229 2841; x_wconf 90' lang='lat' dir='ltr'>ct</span> <span class='ocrx_word' id='word_1_152' title='bbox 249 2771 308 2841; x_wconf 91' lang='lat' dir='ltr'>ubi</span> <span class='ocrx_word' id='word_1_153' title='bbox 332 2775 481 2844; x_wconf 86' lang='lat' dir='ltr'>voluerit</span> <span class='ocrx_word' id='word_1_154' title='bbox 502 2793 660 2864; x_wconf 86' lang='lat' dir='ltr'>praesens</span> <span class='ocrx_word' id='word_1_155' title='bbox 677 2775 900 2866; x_wconf 6' lang='lat' dir='ltr'>estwl‘arvus</span> <span class='ocrx_word' id='word_1_156' title='bbox 921 2769 967 2838; x_wconf 86' lang='lat' dir='ltr'>itti</span> <span class='ocrx_word' id='word_1_157' title='bbox 988 2772 1098 2840; x_wconf 78' lang='lat' dir='ltr'>saltus</span> <span class='ocrx_word' id='word_1_158' title='bbox 1120 2768 1166 2840; x_wconf 87' lang='lat' dir='ltr'>ab</span> <span class='ocrx_word' id='word_1_159' title='bbox 1186 2768 1288 2868; x_wconf 81' lang='lat' dir='ltr'>ntpi-</span> 
     </span>
     <span class='ocr_line' id='line_1_22' title="bbox 194 2889 1287 2983; baseline 0.006 -22"><span class='ocrx_word' id='word_1_160' title='bbox 194 2891 262 2961; x_wconf 91' lang='lat' dir='ltr'>bus</span> <span class='ocrx_word' id='word_1_161' title='bbox 282 2890 327 2959; x_wconf 90' lang='lat' dir='ltr'>ad</span> <span class='ocrx_word' id='word_1_162' title='bbox 347 2893 577 2983; x_wconf 80' lang='lat' dir='ltr'>Apenninum,</span> <span class='ocrx_word' id='word_1_163' title='bbox 597 2902 696 2963; x_wconf 85' lang='lat' dir='ltr'>nuta</span> <span class='ocrx_word' id='word_1_164' title='bbox 718 2911 845 2983; x_wconf 90' lang='lat' dir='ltr'>supero</span> <span class='ocrx_word' id='word_1_165' title='bbox 863 2889 909 2960; x_wconf 87' lang='lat' dir='ltr'>ad</span> <span class='ocrx_word' id='word_1_166' title='bbox 930 2889 1077 2962; x_wconf 84' lang='lat' dir='ltr'>inferum</span> <span class='ocrx_word' id='word_1_167' title='bbox 1097 2913 1196 2963; x_wconf 84' lang='lat' dir='ltr'>mare</span> <span class='ocrx_word' id='word_1_168' title='bbox 1216 2907 1287 2968; x_wconf 84' lang='lat' dir='ltr'>est.</span> 
     </span>
     <span class='ocr_line' id='line_1_23' title="bbox 197 3009 1287 3106; baseline 0.002 -24"><span class='ocrx_word' id='word_1_169' title='bbox 197 3010 237 3082; x_wconf 92' lang='lat' dir='ltr'>Hi</span> <span class='ocrx_word' id='word_1_170' title='bbox 260 3018 342 3083; x_wconf 87' lang='lat' dir='ltr'>suut</span> <span class='ocrx_word' id='word_1_171' title='bbox 362 3012 455 3081; x_wconf 90' lang='lat' dir='ltr'>enim</span> <span class='ocrx_word' id='word_1_172' title='bbox 482 3010 542 3101; x_wconf 91' lang='lat' dir='ltr'>qui</span> <span class='ocrx_word' id='word_1_173' title='bbox 565 3034 630 3082; x_wconf 90' lang='lat' dir='ltr'>nos</span> <span class='ocrx_word' id='word_1_174' title='bbox 651 3011 819 3082; x_wconf 91' lang='lat' dir='ltr'>dirimunt</span> <span class='ocrx_word' id='word_1_175' title='bbox 841 3009 950 3091; x_wconf 89' lang='lat' dir='ltr'>fines;</span> <span class='ocrx_word' id='word_1_176' title='bbox 976 3014 1095 3104; x_wconf 82' lang='lat' dir='ltr'>exigui</span> <span class='ocrx_word' id='word_1_177' title='bbox 1116 3013 1287 3106; x_wconf 89' lang='lat' dir='ltr'>quidem:</span> 
     </span>
     <span class='ocr_line' id='line_1_24' title="bbox 198 3131 1290 3232; baseline 0.004 -24"><span class='ocrx_word' id='word_1_178' title='bbox 198 3137 261 3208; x_wconf 88' lang='lat' dir='ltr'>sed</span> <span class='ocrx_word' id='word_1_179' title='bbox 283 3132 366 3228; x_wconf 88' lang='lat' dir='ltr'>quid</span> <span class='ocrx_word' id='word_1_180' title='bbox 392 3134 498 3204; x_wconf 83' lang='lat' dir='ltr'>refert</span> <span class='ocrx_word' id='word_1_181' title='bbox 522 3154 628 3225; x_wconf 90' lang='lat' dir='ltr'>quam</span> <span class='ocrx_word' id='word_1_182' title='bbox 655 3131 763 3202; x_wconf 85' lang='lat' dir='ltr'>breve</span> <span class='ocrx_word' id='word_1_183' title='bbox 790 3132 1010 3207; x_wconf 87' lang='lat' dir='ltr'>interstitium</span> <span class='ocrx_word' id='word_1_184' title='bbox 1036 3136 1129 3206; x_wconf 89' lang='lat' dir='ltr'>sitsi</span> <span class='ocrx_word' id='word_1_185' title='bbox 1156 3136 1290 3232; x_wconf 84' lang='lat' dir='ltr'>imper-</span> 
     </span>
     <span class='ocr_line' id='line_1_25' title="bbox 196 3253 1289 3349; baseline 0.003 -18"><span class='ocrx_word' id='word_1_186' title='bbox 196 3258 346 3331; x_wconf 86' lang='lat' dir='ltr'>meabile</span> <span class='ocrx_word' id='word_1_187' title='bbox 362 3257 440 3328; x_wconf 84' lang='lat' dir='ltr'>est‘?</span> <span class='ocrx_word' id='word_1_188' title='bbox 457 3257 559 3348; x_wconf 88' lang='lat' dir='ltr'>Saepe</span> <span class='ocrx_word' id='word_1_189' title='bbox 579 3253 747 3347; x_wconf 83' lang='lat' dir='ltr'>cogitavit</span> <span class='ocrx_word' id='word_1_190' title='bbox 764 3257 874 3349; x_wconf 86' lang='lat' dir='ltr'>pictas</span> <span class='ocrx_word' id='word_1_191' title='bbox 894 3259 959 3329; x_wconf 87' lang='lat' dir='ltr'>iter</span> <span class='ocrx_word' id='word_1_192' title='bbox 978 3257 1106 3329; x_wconf 92' lang='lat' dir='ltr'>durum</span> <span class='ocrx_word' id='word_1_193' title='bbox 1128 3260 1289 3348; x_wconf 84' lang='lat' dir='ltr'>vincere,</span> 
     </span>
     <span class='ocr_line' id='line_1_26' title="bbox 197 3378 1292 3476; baseline 0.005 -23"><span class='ocrx_word' id='word_1_194' title='bbox 197 3395 236 3454; x_wconf 91' lang='lat' dir='ltr'>ut</span> <span class='ocrx_word' id='word_1_195' title='bbox 268 3380 483 3476; x_wconf 79' lang='lat' dir='ltr'>pertingeret</span> <span class='ocrx_word' id='word_1_196' title='bbox 510 3399 587 3448; x_wconf 91' lang='lat' dir='ltr'>curn</span> <span class='ocrx_word' id='word_1_197' title='bbox 616 3379 724 3450; x_wconf 87' lang='lat' dir='ltr'>AEuea</span> <span class='ocrx_word' id='word_1_198' title='bbox 752 3378 796 3451; x_wconf 90' lang='lat' dir='ltr'>ad</span> <span class='ocrx_word' id='word_1_199' title='bbox 824 3381 917 3452; x_wconf 82' lang='lat' dir='ltr'>iilum</span> <span class='ocrx_word' id='word_1_200' title='bbox 945 3403 1049 3474; x_wconf 83' lang='lat' dir='ltr'>quem</span> <span class='ocrx_word' id='word_1_201' title='bbox 1078 3384 1292 3474; x_wconf 86' lang='lat' dir='ltr'>supradixi</span> 
     </span>
     <span class='ocr_line' id='line_1_27' title="bbox 198 3501 1295 3582; baseline 0.007 -10"><span class='ocrx_word' id='word_1_202' title='bbox 198 3506 247 3575; x_wconf 92' lang='lat' dir='ltr'>tui</span> <span class='ocrx_word' id='word_1_203' title='bbox 266 3505 337 3576; x_wconf 90' lang='lat' dir='ltr'>oris</span> <span class='ocrx_word' id='word_1_204' title='bbox 366 3501 527 3572; x_wconf 91' lang='lat' dir='ltr'>intuitum</span> <span class='ocrx_word' id='word_1_205' title='bbox 557 3509 592 3571; x_wconf 88' lang='lat' dir='ltr'>et</span> <span class='ocrx_word' id='word_1_206' title='bbox 619 3513 687 3571; x_wconf 83' lang='lat' dir='ltr'>tuae</span> <span class='ocrx_word' id='word_1_207' title='bbox 709 3513 800 3573; x_wconf 85' lang='lat' dir='ltr'>notae</span> <span class='ocrx_word' id='word_1_208' title='bbox 825 3504 922 3573; x_wconf 90' lang='lat' dir='ltr'>vocis</span> <span class='ocrx_word' id='word_1_209' title='bbox 944 3504 1111 3575; x_wconf 89' lang='lat' dir='ltr'>auditum.</span> <span class='ocrx_word' id='word_1_210' title='bbox 1138 3505 1295 3582; x_wconf 86' lang='lat' dir='ltr'>Tentavi</span> 
     </span>
     <span class='ocr_line' id='line_1_28' title="bbox 199 3627 1292 3719; baseline 0.005 -23"><span class='ocrx_word' id='word_1_211' title='bbox 199 3627 346 3719; x_wconf 86' lang='lat' dir='ltr'>amptius</span> <span class='ocrx_word' id='word_1_212' title='bbox 364 3645 468 3718; x_wconf 89' lang='lat' dir='ltr'>quam</span> <span class='ocrx_word' id='word_1_213' title='bbox 493 3627 600 3695; x_wconf 87' lang='lat' dir='ltr'>semet</span> <span class='ocrx_word' id='word_1_214' title='bbox 623 3645 749 3716; x_wconf 80' lang='lat' dir='ltr'>segnes</span> <span class='ocrx_word' id='word_1_215' title='bbox 768 3646 883 3695; x_wconf 87' lang='lat' dir='ltr'>moras</span> <span class='ocrx_word' id='word_1_216' title='bbox 906 3627 1075 3718; x_wconf 82' lang='lat' dir='ltr'>frangere,</span> <span class='ocrx_word' id='word_1_217' title='bbox 1096 3636 1132 3696; x_wconf 94' lang='lat' dir='ltr'>ut</span> <span class='ocrx_word' id='word_1_218' title='bbox 1153 3634 1203 3694; x_wconf 88' lang='lat' dir='ltr'>tot</span> <span class='ocrx_word' id='word_1_219' title='bbox 1223 3647 1292 3701; x_wconf 90' lang='lat' dir='ltr'>an-</span> 
     </span>
     <span class='ocr_line' id='line_1_29' title="bbox 200 3746 1291 3842; baseline 0.009 -26"><span class='ocrx_word' id='word_1_220' title='bbox 200 3771 323 3818; x_wconf 92' lang='lat' dir='ltr'>norum</span> <span class='ocrx_word' id='word_1_221' title='bbox 349 3748 525 3820; x_wconf 86' lang='lat' dir='ltr'>desiderio</span> <span class='ocrx_word' id='word_1_222' title='bbox 551 3746 656 3818; x_wconf 85' lang='lat' dir='ltr'>finem</span> <span class='ocrx_word' id='word_1_223' title='bbox 681 3748 813 3834; x_wconf 88' lang='lat' dir='ltr'>darem.</span> <span class='ocrx_word' id='word_1_224' title='bbox 841 3749 893 3819; x_wconf 91' lang='lat' dir='ltr'>Nil</span> <span class='ocrx_word' id='word_1_225' title='bbox 919 3751 1011 3821; x_wconf 90' lang='lat' dir='ltr'>enim</span> <span class='ocrx_word' id='word_1_226' title='bbox 1039 3753 1145 3821; x_wconf 84' lang='lat' dir='ltr'>ferme</span> <span class='ocrx_word' id='word_1_227' title='bbox 1172 3753 1291 3842; x_wconf 79' lang='lat' dir='ltr'>magis</span> 
     </span>
     <span class='ocr_line' id='line_1_30' title="bbox 198 3869 1292 3965; baseline 0.01 -29"><span class='ocrx_word' id='word_1_228' title='bbox 198 3869 299 3959; x_wconf 89' lang='lat' dir='ltr'>cupio</span> <span class='ocrx_word' id='word_1_229' title='bbox 317 3870 351 3938; x_wconf 93' lang='lat' dir='ltr'>in</span> <span class='ocrx_word' id='word_1_230' title='bbox 370 3872 472 3941; x_wconf 87' lang='lat' dir='ltr'>tcrris</span> <span class='ocrx_word' id='word_1_231' title='bbox 489 3892 596 3964; x_wconf 89' lang='lat' dir='ltr'>quam</span> <span class='ocrx_word' id='word_1_232' title='bbox 617 3874 727 3942; x_wconf 89' lang='lat' dir='ltr'>semel</span> <span class='ocrx_word' id='word_1_233' title='bbox 745 3870 860 3942; x_wconf 87' lang='lat' dir='ltr'>adhue</span> <span class='ocrx_word' id='word_1_234' title='bbox 879 3871 1024 3942; x_wconf 86' lang='lat' dir='ltr'>Romam</span> <span class='ocrx_word' id='word_1_235' title='bbox 1041 3884 1076 3943; x_wconf 83' lang='lat' dir='ltr'>ct</span> <span class='ocrx_word' id='word_1_236' title='bbox 1096 3884 1128 3944; x_wconf 92' lang='lat' dir='ltr'>te</span> <span class='ocrx_word' id='word_1_237' title='bbox 1145 3880 1180 3941; x_wconf 88' lang='lat' dir='ltr'>et</span> <span class='ocrx_word' id='word_1_238' title='bbox 1199 3895 1292 3965; x_wconf 88' lang='lat' dir='ltr'>pau·</span> 
     </span>
     <span class='ocr_line' id='line_1_31' title="bbox 198 3991 1291 4083; baseline 0.004 -22"><span class='ocrx_word' id='word_1_239' title='bbox 198 4011 258 4061; x_wconf 91' lang='lat' dir='ltr'>cos</span> <span class='ocrx_word' id='word_1_240' title='bbox 280 3991 337 4083; x_wconf 94' lang='lat' dir='ltr'>qui</span> <span class='ocrx_word' id='word_1_241' title='bbox 360 3991 394 4060; x_wconf 92' lang='lat' dir='ltr'>in</span> <span class='ocrx_word' id='word_1_242' title='bbox 412 3995 526 4067; x_wconf 90' lang='lat' dir='ltr'>medio</span> <span class='ocrx_word' id='word_1_243' title='bbox 548 4003 629 4066; x_wconf 90' lang='lat' dir='ltr'>sunt</span> <span class='ocrx_word' id='word_1_244' title='bbox 650 3992 780 4066; x_wconf 87' lang='lat' dir='ltr'>amicos</span> <span class='ocrx_word' id='word_1_245' title='bbox 800 4016 943 4065; x_wconf 86' lang='lat' dir='ltr'>cernere</span> <span class='ocrx_word' id='word_1_246' title='bbox 962 4019 969 4076; x_wconf 89' lang='lat'>;</span> <span class='ocrx_word' id='word_1_247' title='bbox 990 3994 1023 4063; x_wconf 93' lang='lat' dir='ltr'>id</span> <span class='ocrx_word' id='word_1_248' title='bbox 1045 4019 1101 4067; x_wconf 93' lang='lat' dir='ltr'>me</span> <span class='ocrx_word' id='word_1_249' title='bbox 1121 3995 1203 4067; x_wconf 84' lang='lat' dir='ltr'>otim</span> <span class='ocrx_word' id='word_1_250' title='bbox 1224 3996 1291 4072; x_wconf 83' lang='lat' dir='ltr'>tibi</span> 
     </span>
     <span class='ocr_line' id='line_1_32' title="bbox 199 4113 1288 4205; baseline 0.004 -21"><span class='ocrx_word' id='word_1_251' title='bbox 199 4113 401 4205; x_wconf 85' lang='lat' dir='ltr'>pollicitum,</span> <span class='ocrx_word' id='word_1_252' title='bbox 430 4139 497 4187; x_wconf 92' lang='lat' dir='ltr'>non</span> <span class='ocrx_word' id='word_1_253' title='bbox 531 4118 668 4189; x_wconf 84' lang='lat' dir='ltr'>viarum</span> <span class='ocrx_word' id='word_1_254' title='bbox 696 4115 792 4188; x_wconf 81' lang='lat' dir='ltr'>labor</span> <span class='ocrx_word' id='word_1_255' title='bbox 827 4118 996 4190; x_wconf 87' lang='lat' dir='ltr'>hactenus</span> <span class='ocrx_word' id='word_1_256' title='bbox 1021 4138 1089 4188; x_wconf 90' lang='lat' dir='ltr'>non</span> <span class='ocrx_word' id='word_1_257' title='bbox 1122 4134 1288 4195; x_wconf 83' lang='lat' dir='ltr'>curarum</span> 
     </span>
    </p>
   </div>
   <div class='ocr_carea' id='block_1_3' title="bbox 0 0 1356 4688">
    <p class='ocr_par' dir='ltr' id='par_1_3' title="bbox 0 0 1356 4688">
     <span class='ocr_line' id='line_1_33' title="bbox 0 0 1356 4688; baseline 0 0"><span class='ocrx_word' id='word_1_258' title='bbox 0 0 1356 4688; x_wconf 95' lang='lat' dir='ltr'> </span> 
     </span>
    </p>
   </div>
  </div>
 </body>
</html>
