2670 4688
283 272 375 320 rinna
398 271 934 329 rrcssmuscuanrus.—srrsrona
958 277 1010 323 xn.
1131 263 1191 325 tto

111 436 226 484 rerum
249 414 348 497 ratio,
371 426 420 497 et,
443 412 614 505 quidquid
630 433 729 502 agas,
753 413 786 482 in
801 415 983 487 consilium
998 416 1188 498 avocanda,

110 536 375 628 praesertimque
396 534 593 607 siiudioes.
616 534 748 627 Nempe
765 535 822 605 ille
837 535 1058 609 Theocritum
1073 540 1109 611 in
1120 541 1189 611 Bu·

108 657 226 729 colicis
246 657 372 729 ducem
394 666 532 737 nactus,
555 656 589 726 in
610 655 789 747 Georgicis
807 656 995 729 Hesiodum
1013 682 1190 755 quemque

109 779 184 851 suis
202 778 286 849 locis
302 778 459 849 inseruit.
480 778 525 847 Et
545 799 621 863 cur,
641 777 794 870 inquies,
822 779 963 849 tertium
988 780 1023 850 io
1050 781 1190 855 heroico

108 900 262 971 carmine
281 899 406 971 ducem
425 898 576 983 habens,
602 900 698 971 nulla
717 901 793 971 eius
814 900 932 993 operis
953 903 990 971 in
1010 911 1108 995 parte
1134 925 1189 975 me

109 1022 245 1113 posuit?
264 1022 459 1105 Posuisset‚
481 1022 563 1092 mihi
585 1021 702 1103 crede,
731 1021 937 1093 mitissimus
963 1023 1188 1096 verecundis·

108 1144 290 1236 simusque
311 1144 519 1227 mortalium,
541 1143 707 1235 quodque
724 1142 770 1214 de
787 1142 846 1214 illo
866 1144 1036 1236 scriplum
1058 1146 1189 1215 scimus

108 1263 201 1335 omni
223 1262 388 1356 probatus
407 1265 492 1348 vita,
520 1264 587 1334 nisi
622 1282 716 1335 mors
742 1263 849 1357 impia
884 1264 1065 1337 vetuisset.
1092 1266 1190 1337 Licet

108 1398 223 1457 antem
244 1384 344 1471 alios,
362 1385 421 1457 nbi
442 1386 594 1459 occurrit
606 1398 712 1478 atque
728 1384 786 1456 ubi
804 1386 1023 1457 commodum
1038 1389 1113 1473 luit,
1128 1386 1190 1461 ad·

108 1518 279 1595 notasset,
301 1508 360 1579 tibi
380 1510 439 1579 uni
459 1508 513 1580 cui
537 1511 646 1580 multo
665 1508 815 1600 amplius
836 1506 1001 1592 debebat,
1020 1531 1094 1587 ¹uon
1118 1513 1189 1583 iur-

108 1634 230 1705 tuitum
252 1633 318 1706 sed
334 1643 467 1705 certum
488 1639 657 1723 certoque
677 1628 824 1700 consilio
841 1628 1052 1703 destinatum
1074 1654 1190 1707 rescr-

108 1755 213 1828 vabat
231 1758 356 1828 locum.
374 1755 419 1824 Et
432 1776 538 1846 quem
559 1753 657 1835 reris,
680 1751 748 1824 nisi
766 1751 1029 1825 eminentiorem
1049 1758 1188 1829 cunctis

107 1888 213 1970 atque
233 1877 529 1968 conspectiorem?
549 1876 669 1946 Finem
691 1895 777 1965 ergo
798 1875 1054 1966 praeclarissimi
1071 1879 1189 1969 operis

106 1999 325 2093 expectabat,
348 1998 395 2070 ibi
417 2011 449 2071 te
467 2020 569 2071 suum
590 1998 716 2070 ducem
735 2008 904 2090 tuumque
924 2018 1051 2069 nomen
1071 1999 1189 2070 altiso-

106 2124 161 2194 nis
176 2122 338 2195 versibns
353 2125 489 2195 laturus
501 2121 547 2193 ad
561 2120 686 2193 sideru.
703 2119 768 2191 Ubi
780 2120 884 2204 enim,
898 2139 1031 2211 quaeso,
1046 2119 1189 2211 dignius

106 2267 211 2336 quam
233 2245 266 2316 in
285 2242 354 2315 line
371 2245 441 2315 viae
461 2244 537 2315 dux
558 2243 778 2316 laudandus?
793 2242 944 2315 Multum
958 2241 1188 2334 babesigitur

105 2367 200 2458 quod
220 2366 266 2438 de
285 2375 397 2437 morte
413 2365 537 2435 festina
554 2365 658 2435 nimis
678 2365 802 2435 merito
819 2366 919 2457 queri
941 2364 1067 2456 possis,
1083 2364 1190 2437 habet

105 2498 141 2558 et
160 2489 268 2559 italus
284 2485 380 2556 orbis
403 2497 539 2556 tecum:
559 2484 604 2555 de
628 2485 744 2556 amico
767 2485 862 2555 nibil.
890 2486 992 2567 Quod
1018 2487 1069 2557 sic
1093 2508 1187 2569 esse,

107 2609 223 2679 vicino
241 2616 278 2677 et
297 2605 402 2678 simili
421 2606 585 2676 conjicies
603 2603 648 2674 ab
673 2607 846 2695 exemplo.
871 2605 957 2675 Nam
992 2618 1030 2679 ut
1061 2618 1094 2678 te
1120 2608 1186 2691 ille,

107 2730 159 2800 sic
178 2729 275 2800 illum
300 2728 456 2799 imitatus
485 2736 542 2798 est
571 2725 701 2798 Statius
735 2725 914 2818 Papinius,
949 2727 1049 2798 cuius
1082 2749 1189 2821 supru

107 2852 236 2922 mentio
247 2851 380 2937 incidit,
396 2852 593 2961 v'qpraeter
605 2849 735 2940 ingenii
752 2846 891 2919 landem
909 2848 1038 2941 insigni
1051 2872 1186 2927 morum

108 2973 301 3046 urbanitate
324 2976 546 3069 conspicuus.
574 2975 646 3047 Neo
666 2982 799 3045 tautum
827 2970 956 3064 ingenii
983 2972 1105 3046 ducem
1133 2975 1188 3044 sui

106 3094 174 3165 nisi
195 3097 228 3165 in
252 3094 321 3169 line
340 3098 465 3190 poetici
488 3098 623 3171 itineris
646 3097 859 3189 recognovit.
881 3096 977 3168 Licet
999 3097 1094 3169 enim
1119 3096 1189 3169 alio

108 3214 258 3305 quodum
280 3220 413 3291 iocose
433 3220 729 3292 stiloinleriorem
756 3220 927 3290 secretius
950 3218 1186 3310 designasset,

107 3339 175 3409 illic
196 3348 309 3412 tamen
331 3340 422 3413 bona
443 3340 512 3413 tide
533 3351 645 3414 totum
664 3342 753 3434 grati
774 3340 880 3413 animi
904 3339 1061 3412 debitum
1080 3338 1187 3412 bene·

108 3461 243 3532 meritae
263 3463 434 3554 persolvit
452 3464 599 3536 AEneidi.
625 3464 660 3532 Si
680 3475 716 3535 et
733 3463 826 3541 bunc
846 3485 941 3535 mors
962 3461 1069 3552 igitur
1094 3483 1185 3555 prae·

109 3584 280 3668 venisset,
305 3593 341 3654 ut
359 3596 392 3654 te
412 3584 592 3675 Virgilius,
620 3586 670 3657 sio
703 3585 770 3655 iste
802 3583 987 3674 Virgilium
1021 3583 1185 3655 siluisset.

107 3707 189 3777 Haec
208 3708 255 3778 ita
272 3727 353 3778 esse
374 3715 412 3776 ut
432 3704 510 3777 dico
530 3706 590 3777 tibi
604 3706 820 3800 persuadeas
839 3705 954 3775 velim.
969 3704 1070 3775 Certe
1083 3703 1186 3788 enim,

108 3830 257 3901 nilallor
273 3828 434 3919 augurio,
459 3829 506 3900 ita
526 3840 594 3912 est,
616 3838 651 3900 et
672 3828 702 3898 si
723 3829 812 3899 forte
832 3827 930 3899 aliter
944 3825 1006 3910 sit,
1022 3824 1188 3897 indubiis

108 3964 222 4023 lamen
235 3951 352 4046 opinio
364 3961 420 4021 est
431 3949 673 4045 anteponenda
686 3947 880 4039 benignior.
895 3949 940 4020 Et
956 3949 1032 4019 baec
1045 3947 1186 4041 quidem

12 4141 15 4147 .
109 4096 170 4164 pro
189 4077 414 4148 excusatione
445 4075 617 4145 maiorum
652 4071 784 4163 Virgilii
818 4094 960 4164 operum
981 4070 1072 4143 dicta
1103 4069 1184 4143 sint.
