2834 5086
164 670 226 731 :atti
636 682 800 730 t'sttttttttt

164 822 287 913 fragile
309 844 404 894 mors
424 826 492 893 iam
511 844 580 895 con
606 844 725 895 amara
748 826 1015 917 corpusculum,
1042 848 1152 918 quam
1175 830 1255 901 aui-

165 970 261 1019 muur
284 944 376 1016 lrucc
402 947 546 1018 invadat
567 958 742 1019 tantorum
767 947 899 1020 oblivio
924 948 1137 1021 meritorum.
1159 952 1255 1037 Quid

163 1072 257 1141 cuim
274 1067 319 1139 de
341 1092 396 1139 me
416 1070 473 1141 ille
494 1092 563 1141 nou
585 1070 747 1141 meritus.
768 1083 828 1141 aut
844 1072 931 1164 quid
951 1070 1126 1144 mediocre
1145 1076 1253 1147 meri-

166 1208 224 1265 tus
242 1192 271 1261 is
291 1204 476 1264 contentus
496 1194 583 1264 luit?
609 1194 701 1277 Quid
720 1196 809 1287 plus.
830 1216 965 1287 quaeso,
992 1196 1162 1268 tribueret
1179 1218 1253 1269 ocu

163 1318 299 1387 amicus
320 1316 445 1386 amico.
469 1314 533 1387 sed
551 1317 609 1385 sel
628 1318 735 1387 trater
748 1318 855 1399 tratri,
877 1318 935 1387 uel
954 1318 1044 1410 patri
1065 1316 1174 1399 lilius,
1193 1322 1253 1389 vel

165 1441 237 1513 lilio
253 1444 377 1531 pater?
404 1442 448 1510 Et
469 1442 624 1533 protecto
644 1440 701 1511 ille
726 1438 811 1511 mibi
835 1440 969 1511 auxilio
987 1439 1162 1523 domiuus,
1181 1464 1253 1515 uou

163 1564 378 1657 quicumque
396 1562 460 1634 sed
482 1562 690 1633 mitissimus
710 1564 865 1634 omnium
884 1564 947 1655 qui
972 1584 993 1633 a
1021 1565 1164 1635 sacculis
1185 1563 1254 1635 visi

165 1698 263 1768 sunt;
284 1685 430 1757 consilio
450 1698 566 1757 autem
587 1696 697 1777 pater,
711 1684 882 1778 obsequio
898 1684 1003 1767 lilius,
1022 1686 1148 1758 solatio
1167 1686 1258 1757 ami-

163 1832 248 1891 cuS,
288 1810 432 1881 caritate
469 1829 658 1897 germanus
687 1828 795 1902 prope
820 1828 883 1900 per
915 1810 1038 1879 tuerat
1072 1806 1256 1899 Denique,

165 1933 260 2025 quod
293 1931 338 2001 de
369 1952 408 2001 sc
433 1929 595 2001 omnibus
628 1932 676 2001 ait
708 1932 916 2026 Apostolus,
951 1950 1036 2001 rere
1073 1930 1132 1999 ille
1165 1928 1255 1999 mibi

166 2055 283 2127 omnia
310 2056 422 2124 lactus
447 2064 533 2124 erat.
561 2056 620 2126 llle
636 2076 707 2125 me
739 2056 954 2125 fortunarum
983 2054 1164 2135 omnium,
1192 2052 1257 2123 ille

166 2176 243 2259 otii,
265 2177 323 2247 ille
342 2176 488 2267 negotii,
515 2178 571 2248 ille
592 2198 648 2247 me
668 2178 804 2247 riarum
821 2176 982 2247 comitem
1004 2196 1100 2267 saepe
1120 2168 1259 2267 loug'is-

165 2300 334 2370 simarum
354 2298 487 2372 babuit.
511 2300 674 2370 Camillo
694 2320 861 2393 prospera
881 2310 916 2369 et
940 2298 1095 2369 adversa
1114 2298 1258 2393 partici-

164 2424 259 2515 pari,
279 2445 359 2495 cum
381 2424 439 2493 illo
457 2433 492 2493 et
514 2421 657 2491 urbanis
684 2442 778 2513 saepe
803 2420 937 2493 deliciis
961 2432 996 2489 et
1024 2420 1168 2519 rusticis
1192 2422 1258 2493 uli-

165 2544 308 2633 quando
336 2544 539 2615 secessibus
572 2544 723 2613 recreari
749 2544 905 2633 contigit.
930 2544 1162 2635 Quocumque
1195 2562 1256 2613 rcs

165 2675 324 2754 posceret
352 2663 515 2751 gloriosis
542 2662 719 2733 laboribus
751 2665 930 2739 exerceri,
963 2686 1044 2735 cum
1078 2665 1138 2735 illc
1169 2664 1256 2737 vito

166 2781 286 2855 brevis
314 2784 437 2875 longas
465 2799 582 2877 partes
607 2785 679 2876 egi,
706 2786 930 2879 egissemque
956 2806 1081 2858 omnes
1106 2786 1253 2869 otim,

167 2929 230 2979 uec
251 2928 306 2977 uie
329 2907 470 2979 bustum
492 2930 512 2976 a
535 2920 604 2979 tam
626 2907 762 3001 placido
778 2918 813 2977 et
836 2920 904 2977 tarn
932 2906 1003 2980 fido
1023 2907 1257 2981 contubernio

164 3044 375 3124 separasset.
405 3034 529 3102 Secum
550 3052 618 3121 ego
639 3046 751 3101 terras
770 3043 804 3101 et
830 3028 938 3101 maria
959 3030 1153 3115 circumivi,
1173 3032 1255 3125 qul-

166 3150 246 3225 dem
266 3166 394 3226 cuneta
415 3176 495 3225 eum
517 3152 646 3243 gaudio
664 3164 700 3223 et
724 3150 953 3224 oblectatione
980 3152 1140 3224 mirabttt.
1160 3154 1257 3225 Nou-

167 3296 349 3368 nunquam
364 3296 448 3344 rero
467 3275 628 3365 periculis
645 3275 783 3365 magnis
799 3296 841 3345 ac
858 3274 1026 3365 gravibus
1038 3274 1168 3367 quibus
1185 3276 1254 3361 ille,

165 3396 249 3469 dum
270 3395 354 3467 mibi
374 3396 435 3487 qui
455 3394 522 3465 sibi
542 3417 638 3466 eram
666 3418 784 3467 comes
804 3398 963 3489 comitem
986 3396 1147 3491 praebuit,
1162 3401 1257 3473 ultro

168 3542 271 3592 suurn
288 3529 393 3612 caput
412 3518 590 3611 exposuit.
611 3518 724 3589 [num
748 3519 871 3603 deluit,
894 3530 931 3589 ut
958 3518 1051 3591 bunc
1066 3520 1181 3615 ipsum
1203 3534 1259 3595 tc-

167 3644 256 3713 ticns
281 3643 326 3713 ad
347 3642 433 3713 alias
453 3652 559 3735 atque
583 3644 671 3715 alias
694 3645 895 3726 comitatus,
924 3645 1047 3714 saltem
1077 3642 1184 3716 virus
1207 3644 1256 3717 ad

168 3766 320 3837 ultimam
342 3767 529 3838 comitarer
546 3764 701 3837 domurn.
721 3767 856 3835 llallem
877 3768 1051 3837 exanimis
1070 3786 1168 3837 esse:
1189 3766 1256 3841 scd

168 3890 324 3961 vivacior
337 3910 415 3959 sum
429 3912 535 3981 quarn
551 3892 694 3973 vellem,
709 3911 903 3982 parumque
917 3890 984 3959 iam
999 3889 1123 3982 reliqui
1136 3900 1206 3974 est,
1216 3900 1257 3963 ut

167 4012 223 4081 ille
240 4033 307 4103 ego
321 4010 482 4083 amicitiis
496 4012 576 4082 olim
606 4011 782 4103 usquead
803 4011 968 4083 invidiam
993 4010 1094 4095 lelix,
1112 4032 1256 4083 eorum-

164 4132 245 4203 dem
272 4134 375 4207 modo
397 4135 497 4227 inops
518 4134 699 4225 solusque,
719 4143 754 4204 et
772 4156 881 4227 prope
905 4136 974 4205 iam
995 4136 1254 4226 vulgotautum

166 4254 253 4324 lacie
273 4267 377 4329 uolus
394 4258 474 4339 sim;
497 4256 563 4327 nisi
579 4256 675 4349 quod
691 4257 776 4327 mibi
791 4278 860 4329 non
870 4257 984 4329 virtus
1003 4268 1066 4327 aut
1077 4256 1252 4339 meritum,

167 4373 229 4443 scd
242 4374 307 4449 boc
322 4382 578 4473 qualecumque
592 4379 724 4451 nudum
736 4402 862 4453 nomeu
880 4401 992 4452 novas
1006 4378 1156 4453 subinde
1163 4378 1258 4473 parit

165 4496 345 4585 amicitias,
364 4499 493 4595 quibus
518 4512 708 4595 utcumque
740 4504 829 4576 mala
854 4514 982 4575 caetere
997 4503 1098 4575 lenio.
1121 4502 1258 4597 Nempe
