<?xml version="1.0" encoding="UTF-8"?>
<!DOCTYPE html PUBLIC "-//W3C//DTD XHTML 1.0 Transitional//EN"
    "http://www.w3.org/TR/xhtml1/DTD/xhtml1-transitional.dtd">
<html xmlns="http://www.w3.org/1999/xhtml" xml:lang="en" lang="en">
 <head>
  <title>
</title>
<meta http-equiv="Content-Type" content="text/html;charset=utf-8" />
  <meta name='ocr-system' content='tesseract 3.04.00' />
  <meta name='ocr-capabilities' content='ocr_page ocr_carea ocr_par ocr_line ocrx_word'/>
</head>
<body>
  <div class='ocr_page' id='page_1' title='image "./epistolaederebu01fracgoog_0353.png"; bbox 0 0 2670 4688; ppageno 0'>
   <div class='ocr_carea' id='block_1_1' title="bbox 511 288 1157 350">
    <p class='ocr_par' dir='ltr' id='par_1_1' title="bbox 511 288 1157 350">
     <span class='ocr_line' id='line_1_1' title="bbox 511 288 1157 350; baseline 0.009 -6"><span class='ocrx_word' id='word_1_1' title='bbox 511 296 664 346; x_wconf 80' lang='lat' dir='ltr'><strong>srrsroua</strong></span> <span class='ocrx_word' id='word_1_2' title='bbox 687 299 737 345; x_wconf 83' lang='lat' dir='ltr'><strong>rx.</strong></span> <span class='ocrx_word' id='word_1_3' title='bbox 1099 288 1157 350; x_wconf 77' lang='lat' dir='ltr'><strong>:llll</strong></span> 
     </span>
    </p>
   </div>
   <div class='ocr_carea' id='block_1_2' title="bbox 80 443 1163 1613">
    <p class='ocr_par' dir='ltr' id='par_1_2' title="bbox 80 443 1163 1613">
     <span class='ocr_line' id='line_1_2' title="bbox 80 443 1160 539; baseline 0 -21"><span class='ocrx_word' id='word_1_4' title='bbox 80 443 173 539; x_wconf 91' lang='lat' dir='ltr'><strong>quod</strong></span> <span class='ocrx_word' id='word_1_5' title='bbox 194 446 227 516; x_wconf 91' lang='lat' dir='ltr'><strong>in</strong></span> <span class='ocrx_word' id='word_1_6' title='bbox 248 444 425 516; x_wconf 85' lang='lat' dir='ltr'><strong>sinucius</strong></span> <span class='ocrx_word' id='word_1_7' title='bbox 447 452 526 515; x_wconf 90' lang='lat' dir='ltr'><strong>tuos</strong></span> <span class='ocrx_word' id='word_1_8' title='bbox 546 463 674 514; x_wconf 86' lang='lat' dir='ltr'><strong>aureos</strong></span> <span class='ocrx_word' id='word_1_9' title='bbox 694 444 916 534; x_wconf 74' lang='lat' dir='ltr'><strong>congessisti.</strong></span> <span class='ocrx_word' id='word_1_10' title='bbox 943 445 1078 529; x_wconf 85' lang='lat' dir='ltr'><strong>Quibus</strong></span> <span class='ocrx_word' id='word_1_11' title='bbox 1101 448 1160 518; x_wconf 88' lang='lat' dir='ltr'><strong>ille</strong></span> 
     </span>
     <span class='ocr_line' id='line_1_3' title="bbox 80 563 1159 662; baseline 0.004 -26"><span class='ocrx_word' id='word_1_12' title='bbox 80 564 326 659; x_wconf 89' lang='lat' dir='ltr'><strong>proculdubio</strong></span> <span class='ocrx_word' id='word_1_13' title='bbox 355 579 424 635; x_wconf 91' lang='lat' dir='ltr'><strong>non</strong></span> <span class='ocrx_word' id='word_1_14' title='bbox 452 563 588 654; x_wconf 80' lang='lat' dir='ltr'><strong>egebat.</strong></span> <span class='ocrx_word' id='word_1_15' title='bbox 623 563 697 633; x_wconf 87' lang='lat' dir='ltr'><strong>Nisi</strong></span> <span class='ocrx_word' id='word_1_16' title='bbox 729 563 824 656; x_wconf 92' lang='lat' dir='ltr'><strong>quod</strong></span> <span class='ocrx_word' id='word_1_17' title='bbox 856 565 1026 659; x_wconf 87' lang='lat' dir='ltr'><strong>quidquid</strong></span> <span class='ocrx_word' id='word_1_18' title='bbox 1058 591 1159 662; x_wconf 77' lang='lat' dir='ltr'><strong>mage</strong></span> 
     </span>
     <span class='ocr_line' id='line_1_4' title="bbox 82 685 1161 781; baseline 0.002 -23"><span class='ocrx_word' id='word_1_19' title='bbox 82 709 338 781; x_wconf 88' lang='lat' dir='ltr'><strong>supervacuum</strong></span> <span class='ocrx_word' id='word_1_20' title='bbox 361 696 417 758; x_wconf 80' lang='lat' dir='ltr'><strong>ert</strong></span> <span class='ocrx_word' id='word_1_21' title='bbox 450 685 578 759; x_wconf 90' lang='lat' dir='ltr'><strong>bomini</strong></span> <span class='ocrx_word' id='word_1_22' title='bbox 612 687 848 758; x_wconf 90' lang='lat' dir='ltr'><strong>necessarium</strong></span> <span class='ocrx_word' id='word_1_23' title='bbox 881 687 962 758; x_wconf 80' lang='lat' dir='ltr'><strong>fecit</strong></span> <span class='ocrx_word' id='word_1_24' title='bbox 993 710 1096 761; x_wconf 86' lang='lat' dir='ltr'><strong>arens</strong></span> <span class='ocrx_word' id='word_1_25' title='bbox 1124 703 1161 762; x_wconf 89' lang='lat' dir='ltr'><strong>et</strong></span> 
     </span>
     <span class='ocr_line' id='line_1_5' title="bbox 81 807 1161 904; baseline 0.006 -26"><span class='ocrx_word' id='word_1_26' title='bbox 81 811 256 903; x_wconf 82' lang='lat' dir='ltr'><strong>inexpleta</strong></span> <span class='ocrx_word' id='word_1_27' title='bbox 287 807 469 903; x_wconf 73' lang='lat' dir='ltr'><strong>cupiditas.</strong></span> <span class='ocrx_word' id='word_1_28' title='bbox 503 807 590 889; x_wconf 85' lang='lat' dir='ltr'><strong>Quae</strong></span> <span class='ocrx_word' id='word_1_29' title='bbox 623 808 740 879; x_wconf 88' lang='lat' dir='ltr'><strong>nescio</strong></span> <span class='ocrx_word' id='word_1_30' title='bbox 765 830 915 901; x_wconf 92' lang='lat' dir='ltr'><strong>quonam</strong></span> <span class='ocrx_word' id='word_1_31' title='bbox 941 821 1060 904; x_wconf 84' lang='lat' dir='ltr'><strong>pacto,</strong></span> <span class='ocrx_word' id='word_1_32' title='bbox 1093 815 1161 884; x_wconf 89' lang='lat' dir='ltr'><strong>etsi</strong></span> 
     </span>
     <span class='ocr_line' id='line_1_6' title="bbox 82 928 1161 1024; baseline 0.005 -24"><span class='ocrx_word' id='word_1_33' title='bbox 82 933 252 1003; x_wconf 88' lang='lat' dir='ltr'><strong>latissima</strong></span> <span class='ocrx_word' id='word_1_34' title='bbox 273 951 351 1001; x_wconf 89' lang='lat' dir='ltr'><strong>oum</strong></span> <span class='ocrx_word' id='word_1_35' title='bbox 374 928 553 1002; x_wconf 85' lang='lat' dir='ltr'><strong>sororibus</strong></span> <span class='ocrx_word' id='word_1_36' title='bbox 582 930 657 1001; x_wconf 88' lang='lat' dir='ltr'><strong>suis</strong></span> <span class='ocrx_word' id='word_1_37' title='bbox 679 942 817 1021; x_wconf 78' lang='lat' dir='ltr'><strong>regnet,</strong></span> <span class='ocrx_word' id='word_1_38' title='bbox 842 953 1015 1024; x_wconf 79' lang='lat' dir='ltr'><strong>nusquam</strong></span> <span class='ocrx_word' id='word_1_39' title='bbox 1047 943 1161 1005; x_wconf 89' lang='lat' dir='ltr'><strong>tamen</strong></span> 
     </span>
     <span class='ocr_line' id='line_1_7' title="bbox 81 1050 1161 1145; baseline 0.001 -19"><span class='ocrx_word' id='word_1_40' title='bbox 81 1054 222 1126; x_wconf 90' lang='lat' dir='ltr'><strong>omnino</strong></span> <span class='ocrx_word' id='word_1_41' title='bbox 242 1053 321 1144; x_wconf 91' lang='lat' dir='ltr'><strong>plus</strong></span> <span class='ocrx_word' id='word_1_42' title='bbox 338 1051 464 1123; x_wconf 85' lang='lat' dir='ltr'><strong>virium</strong></span> <span class='ocrx_word' id='word_1_43' title='bbox 485 1050 605 1135; x_wconf 87' lang='lat' dir='ltr'><strong>babet,</strong></span> <span class='ocrx_word' id='word_1_44' title='bbox 625 1073 730 1145; x_wconf 89' lang='lat' dir='ltr'><strong>quam</strong></span> <span class='ocrx_word' id='word_1_45' title='bbox 759 1051 818 1123; x_wconf 87' lang='lat' dir='ltr'><strong>ubi</strong></span> <span class='ocrx_word' id='word_1_46' title='bbox 838 1063 985 1125; x_wconf 84' lang='lat' dir='ltr'><strong>matrem</strong></span> <span class='ocrx_word' id='word_1_47' title='bbox 1007 1055 1161 1128; x_wconf 90' lang='lat' dir='ltr'><strong>omnium</strong></span> 
     </span>
     <span class='ocr_line' id='line_1_8' title="bbox 82 1171 1162 1270; baseline 0.001 -23"><span class='ocrx_word' id='word_1_48' title='bbox 82 1175 286 1247; x_wconf 87' lang='lat' dir='ltr'><strong>adiutricem</strong></span> <span class='ocrx_word' id='word_1_49' title='bbox 305 1171 485 1245; x_wconf 77' lang='lat' dir='ltr'><strong>stultitiam</strong></span> <span class='ocrx_word' id='word_1_50' title='bbox 515 1181 615 1246; x_wconf 86' lang='lat' dir='ltr'><strong>nacta</strong></span> <span class='ocrx_word' id='word_1_51' title='bbox 635 1186 701 1246; x_wconf 88' lang='lat' dir='ltr'><strong>est.</strong></span> <span class='ocrx_word' id='word_1_52' title='bbox 730 1173 925 1248; x_wconf 82' lang='lat' dir='ltr'><strong>Excusavit</strong></span> <span class='ocrx_word' id='word_1_53' title='bbox 945 1175 1001 1248; x_wconf 89' lang='lat' dir='ltr'><strong>ille</strong></span> <span class='ocrx_word' id='word_1_54' title='bbox 1019 1177 1162 1270; x_wconf 84' lang='lat' dir='ltr'><strong>quidem</strong></span> 
     </span>
     <span class='ocr_line' id='line_1_9' title="bbox 83 1294 1163 1392; baseline 0.004 -26"><span class='ocrx_word' id='word_1_55' title='bbox 83 1294 268 1392; x_wconf 82' lang='lat' dir='ltr'><strong>artificiosa</strong></span> <span class='ocrx_word' id='word_1_56' title='bbox 300 1294 490 1377; x_wconf 88' lang='lat' dir='ltr'><strong>dementia,</strong></span> <span class='ocrx_word' id='word_1_57' title='bbox 525 1316 634 1389; x_wconf 88' lang='lat' dir='ltr'><strong>seque</strong></span> <span class='ocrx_word' id='word_1_58' title='bbox 662 1308 818 1368; x_wconf 84' lang='lat' dir='ltr'><strong>coactum</strong></span> <span class='ocrx_word' id='word_1_59' title='bbox 853 1297 944 1370; x_wconf 84' lang='lat' dir='ltr'><strong>dixit</strong></span> <span class='ocrx_word' id='word_1_60' title='bbox 968 1297 1163 1371; x_wconf 84' lang='lat' dir='ltr'><strong>liberalitati</strong></span> 
     </span>
     <span class='ocr_line' id='line_1_10' title="bbox 85 1416 1163 1512; baseline 0.005 -26"><span class='ocrx_word' id='word_1_61' title='bbox 85 1428 153 1489; x_wconf 88' lang='lat' dir='ltr'><strong>tuae</strong></span> <span class='ocrx_word' id='word_1_62' title='bbox 172 1418 376 1510; x_wconf 84' lang='lat' dir='ltr'><strong>nequivisse</strong></span> <span class='ocrx_word' id='word_1_63' title='bbox 395 1416 581 1491; x_wconf 79' lang='lat' dir='ltr'><strong>resistere:-</strong></span> <span class='ocrx_word' id='word_1_64' title='bbox 594 1416 715 1503; x_wconf 87' lang='lat' dir='ltr'><strong>credo,</strong></span> <span class='ocrx_word' id='word_1_65' title='bbox 732 1417 880 1512; x_wconf 84' lang='lat' dir='ltr'><strong>aedopol,</strong></span> <span class='ocrx_word' id='word_1_66' title='bbox 900 1429 936 1490; x_wconf 90' lang='lat' dir='ltr'><strong>et</strong></span> <span class='ocrx_word' id='word_1_67' title='bbox 953 1427 987 1490; x_wconf 88' lang='lat' dir='ltr'><strong>te</strong></span> <span class='ocrx_word' id='word_1_68' title='bbox 1008 1417 1076 1491; x_wconf 91' lang='lat' dir='ltr'><strong>sibi</strong></span> <span class='ocrx_word' id='word_1_69' title='bbox 1092 1420 1163 1491; x_wconf 87' lang='lat' dir='ltr'><strong>vim</strong></span> 
     </span>
     <span class='ocr_line' id='line_1_11' title="bbox 83 1541 420 1613; baseline -0.006 -3"><span class='ocrx_word' id='word_1_70' title='bbox 83 1541 229 1612; x_wconf 83' lang='lat' dir='ltr'><strong>amicam</strong></span> <span class='ocrx_word' id='word_1_71' title='bbox 250 1541 420 1613; x_wconf 89' lang='lat' dir='ltr'><strong>attulisse.</strong></span> 
     </span>
    </p>
   </div>
   <div class='ocr_carea' id='block_1_3' title="bbox 490 1950 758 2022">
    <p class='ocr_par' dir='ltr' id='par_1_3' title="bbox 490 1950 758 2022">
     <span class='ocr_line' id='line_1_12' title="bbox 490 1950 758 2022; baseline -0.004 -1"><span class='ocrx_word' id='word_1_72' title='bbox 490 1950 668 2022; x_wconf 63' lang='lat' dir='ltr'><strong>sustoll-</strong></span> <span class='ocrx_word' id='word_1_73' title='bbox 689 1958 758 2021; x_wconf 86' lang='lat' dir='ltr'><strong>xxl.</strong></span> 
     </span>
    </p>
   </div>
   <div class='ocr_carea' id='block_1_4' title="bbox 193 2122 1056 2178">
    <p class='ocr_par' dir='ltr' id='par_1_4' title="bbox 193 2122 1056 2178">
     <span class='ocr_line' id='line_1_13' title="bbox 193 2122 1056 2178; baseline 0.01 -9"><span class='ocrx_word' id='word_1_74' title='bbox 193 2122 391 2174; x_wconf 76' lang='lat' dir='ltr'><strong>rnanclscus</strong></span> <span class='ocrx_word' id='word_1_75' title='bbox 412 2122 582 2175; x_wconf 69' lang='lat' dir='ltr'><strong>adraanus</strong></span> <span class='ocrx_word' id='word_1_76' title='bbox 603 2125 726 2174; x_wconf 78' lang='lat' dir='ltr'><strong>noaino</strong></span> <span class='ocrx_word' id='word_1_77' title='bbox 746 2122 906 2175; x_wconf 70' lang='lat' dir='ltr'><strong>Panunsl</strong></span> <span class='ocrx_word' id='word_1_78' title='bbox 927 2124 953 2174; x_wconf 89' lang='lat' dir='ltr'><strong>S.</strong></span> <span class='ocrx_word' id='word_1_79' title='bbox 976 2128 1004 2177; x_wconf 76' lang='lat' dir='ltr'><strong>P.</strong></span> <span class='ocrx_word' id='word_1_80' title='bbox 1025 2129 1056 2178; x_wconf 83' lang='lat'><strong>1).</strong></span> 
     </span>
    </p>
   </div>
   <div class='ocr_carea' id='block_1_5' title="bbox 85 2256 1225 2345">
    <p class='ocr_par' dir='ltr' id='par_1_5' title="bbox 85 2256 1225 2345">
     <span class='ocr_line' id='line_1_14' title="bbox 85 2256 1225 2345; baseline 0.008 -24"><span class='ocrx_word' id='word_1_81' title='bbox 85 2266 224 2338; x_wconf 70' lang='lat' dir='ltr'><strong>Zelotppia</strong></span> <span class='ocrx_word' id='word_1_82' title='bbox 235 2266 407 2325; x_wconf 83' lang='lat' dir='ltr'><strong>laborantem</strong></span> <span class='ocrx_word' id='word_1_83' title='bbox 420 2269 550 2326; x_wconf 89' lang='lat' dir='ltr'><strong>bortatur</strong></span> <span class='ocrx_word' id='word_1_84' title='bbox 560 2275 592 2325; x_wconf 93' lang='lat' dir='ltr'><strong>ut</strong></span> <span class='ocrx_word' id='word_1_85' title='bbox 603 2286 716 2326; x_wconf 89' lang='lat' dir='ltr'><strong>omnem</strong></span> <span class='ocrx_word' id='word_1_86' title='bbox 729 2270 916 2344; x_wconf 80' lang='lat' dir='ltr'><strong>suspicionem</strong></span> <span class='ocrx_word' id='word_1_87' title='bbox 929 2271 1023 2327; x_wconf 86' lang='lat' dir='ltr'><strong>animo</strong></span> <span class='ocrx_word' id='word_1_88' title='bbox 1036 2272 1165 2345; x_wconf 70' lang='lat' dir='ltr'><strong>deppam.</strong></span> <span class='ocrx_word' id='word_1_89' title='bbox 1217 2256 1225 2266; x_wconf 52' lang='grc'><em>’</em></span> 
     </span>
    </p>
   </div>
   <div class='ocr_carea' id='block_1_6' title="bbox 85 2508 1209 4194">
    <p class='ocr_par' dir='ltr' id='par_1_6' title="bbox 85 2508 1209 4194">
     <span class='ocr_line' id='line_1_15' title="bbox 184 2508 1167 2606; baseline 0.003 -28"><span class='ocrx_word' id='word_1_90' title='bbox 184 2510 278 2579; x_wconf 87' lang='lat' dir='ltr'><strong>lnlcr</strong></span> <span class='ocrx_word' id='word_1_91' title='bbox 297 2530 460 2579; x_wconf 88' lang='lat' dir='ltr'><strong>curarum</strong></span> <span class='ocrx_word' id='word_1_92' title='bbox 479 2530 632 2587; x_wconf 89' lang='lat' dir='ltr'><strong>mearum</strong></span> <span class='ocrx_word' id='word_1_93' title='bbox 658 2508 979 2581; x_wconf 83' lang='lat' dir='ltr'><strong>turbulentissimas</strong></span> <span class='ocrx_word' id='word_1_94' title='bbox 998 2514 1167 2606; x_wconf 83' lang='lat' dir='ltr'><strong>procellas</strong></span> 
     </span>
     <span class='ocr_line' id='line_1_16' title="bbox 86 2629 1167 2724; baseline 0.002 -22"><span class='ocrx_word' id='word_1_95' title='bbox 86 2631 297 2724; x_wconf 74' lang='lat' dir='ltr'><strong>gratissimae</strong></span> <span class='ocrx_word' id='word_1_96' title='bbox 321 2629 406 2699; x_wconf 88' lang='lat' dir='ltr'><strong>mibi</strong></span> <span class='ocrx_word' id='word_1_97' title='bbox 434 2629 690 2723; x_wconf 80' lang='lat' dir='ltr'><strong>tranquillitatis</strong></span> <span class='ocrx_word' id='word_1_98' title='bbox 724 2640 861 2724; x_wconf 85' lang='lat' dir='ltr'><strong>portum</strong></span> <span class='ocrx_word' id='word_1_99' title='bbox 895 2629 1065 2703; x_wconf 86' lang='lat' dir='ltr'><strong>obtulisse</strong></span> <span class='ocrx_word' id='word_1_100' title='bbox 1091 2634 1167 2705; x_wconf 89' lang='lat' dir='ltr'><strong>visa</strong></span> 
     </span>
     <span class='ocr_line' id='line_1_17' title="bbox 85 2751 1170 2848; baseline 0.001 -23"><span class='ocrx_word' id='word_1_101' title='bbox 85 2765 142 2826; x_wconf 89' lang='lat' dir='ltr'><strong>est</strong></span> <span class='ocrx_word' id='word_1_102' title='bbox 161 2751 346 2846; x_wconf 68' lang='lat' dir='ltr'><strong>praedulcis</strong></span> <span class='ocrx_word' id='word_1_103' title='bbox 365 2752 476 2825; x_wconf 87' lang='lat' dir='ltr'><strong>vestri</strong></span> <span class='ocrx_word' id='word_1_104' title='bbox 496 2752 648 2824; x_wconf 85' lang='lat' dir='ltr'><strong>melliflui</strong></span> <span class='ocrx_word' id='word_1_105' title='bbox 670 2752 741 2824; x_wconf 86' lang='lat' dir='ltr'><strong>oris</strong></span> <span class='ocrx_word' id='word_1_106' title='bbox 765 2752 924 2847; x_wconf 89' lang='lat' dir='ltr'><strong>epistola,</strong></span> <span class='ocrx_word' id='word_1_107' title='bbox 939 2774 1042 2846; x_wconf 92' lang='lat' dir='ltr'><strong>quam</strong></span> <span class='ocrx_word' id='word_1_108' title='bbox 1058 2776 1170 2848; x_wconf 87' lang='lat' dir='ltr'><strong>nuper</strong></span> 
     </span>
     <span class='ocr_line' id='line_1_18' title="bbox 86 2875 1168 2969; baseline 0.002 -22"><span class='ocrx_word' id='word_1_109' title='bbox 86 2877 349 2969; x_wconf 80' lang='lat' dir='ltr'><strong>elegantissima</strong></span> <span class='ocrx_word' id='word_1_110' title='bbox 366 2878 519 2950; x_wconf 88' lang='lat' dir='ltr'><strong>colorum</strong></span> <span class='ocrx_word' id='word_1_111' title='bbox 548 2879 717 2949; x_wconf 85' lang='lat' dir='ltr'><strong>varietate</strong></span> <span class='ocrx_word' id='word_1_112' title='bbox 733 2876 945 2959; x_wconf 80' lang='lat' dir='ltr'><strong>distinctam,</strong></span> <span class='ocrx_word' id='word_1_113' title='bbox 967 2888 1004 2948; x_wconf 93' lang='lat' dir='ltr'><strong>et</strong></span> <span class='ocrx_word' id='word_1_114' title='bbox 1020 2875 1168 2949; x_wconf 84' lang='lat' dir='ltr'><strong>incredi-</strong></span> 
     </span>
     <span class='ocr_line' id='line_1_19' title="bbox 87 2997 1169 3093; baseline 0.001 -25"><span class='ocrx_word' id='word_1_115' title='bbox 87 2998 146 3069; x_wconf 88' lang='lat' dir='ltr'><strong>bili</strong></span> <span class='ocrx_word' id='word_1_116' title='bbox 166 2999 355 3072; x_wconf 84' lang='lat' dir='ltr'><strong>verburum</strong></span> <span class='ocrx_word' id='word_1_117' title='bbox 369 2997 514 3073; x_wconf 87' lang='lat' dir='ltr'><strong>artificio</strong></span> <span class='ocrx_word' id='word_1_118' title='bbox 532 3000 752 3093; x_wconf 87' lang='lat' dir='ltr'><strong>perpolitam,</strong></span> <span class='ocrx_word' id='word_1_119' title='bbox 772 2997 829 3070; x_wconf 91' lang='lat' dir='ltr'><strong>bis</strong></span> <span class='ocrx_word' id='word_1_120' title='bbox 845 3010 966 3092; x_wconf 92' lang='lat' dir='ltr'><strong>terque</strong></span> <span class='ocrx_word' id='word_1_121' title='bbox 984 3000 1169 3091; x_wconf 85' lang='lat' dir='ltr'><strong>perlectam</strong></span> 
     </span>
     <span class='ocr_line' id='line_1_20' title="bbox 88 3121 1209 3215; baseline 0.001 -23"><span class='ocrx_word' id='word_1_122' title='bbox 88 3143 167 3192; x_wconf 91' lang='lat' dir='ltr'><strong>cum</strong></span> <span class='ocrx_word' id='word_1_123' title='bbox 191 3124 454 3215; x_wconf 87' lang='lat' dir='ltr'><strong>occupationum</strong></span> <span class='ocrx_word' id='word_1_124' title='bbox 481 3124 657 3194; x_wconf 83' lang='lat' dir='ltr'><strong>variarum</strong></span> <span class='ocrx_word' id='word_1_125' title='bbox 684 3133 873 3215; x_wconf 86' lang='lat' dir='ltr'><strong>occupatus</strong></span> <span class='ocrx_word' id='word_1_126' title='bbox 901 3121 1037 3193; x_wconf 87' lang='lat' dir='ltr'><strong>sarcina</strong></span> <span class='ocrx_word' id='word_1_127' title='bbox 1062 3121 1172 3214; x_wconf 88' lang='lat' dir='ltr'><strong>depo·</strong></span> <span class='ocrx_word' id='word_1_128' title='bbox 1202 3197 1209 3203; x_wconf 74' lang='grc'><strong>,</strong></span> 
     </span>
     <span class='ocr_line' id='line_1_21' title="bbox 89 3244 1172 3339; baseline 0.004 -27"><span class='ocrx_word' id='word_1_129' title='bbox 89 3263 172 3312; x_wconf 87' lang='lat' dir='ltr'><strong>nere</strong></span> <span class='ocrx_word' id='word_1_130' title='bbox 191 3244 395 3334; x_wconf 81' lang='lat' dir='ltr'><strong>cogitarem,</strong></span> <span class='ocrx_word' id='word_1_131' title='bbox 412 3245 486 3337; x_wconf 90' lang='lat' dir='ltr'><strong>ipse</strong></span> <span class='ocrx_word' id='word_1_132' title='bbox 503 3244 586 3315; x_wconf 89' lang='lat' dir='ltr'><strong>mibi</strong></span> <span class='ocrx_word' id='word_1_133' title='bbox 609 3247 704 3339; x_wconf 90' lang='lat' dir='ltr'><strong>lepos</strong></span> <span class='ocrx_word' id='word_1_134' title='bbox 726 3246 852 3316; x_wconf 90' lang='lat' dir='ltr'><strong>insitus</strong></span> <span class='ocrx_word' id='word_1_135' title='bbox 876 3255 913 3316; x_wconf 95' lang='lat' dir='ltr'><strong>nt</strong></span> <span class='ocrx_word' id='word_1_136' title='bbox 932 3245 1054 3316; x_wconf 84' lang='lat' dir='ltr'><strong>decies</strong></span> <span class='ocrx_word' id='word_1_137' title='bbox 1072 3244 1172 3317; x_wconf 89' lang='lat' dir='ltr'><strong>blan·</strong></span> 
     </span>
     <span class='ocr_line' id='line_1_22' title="bbox 87 3362 1169 3460; baseline 0.005 -25"><span class='ocrx_word' id='word_1_138' title='bbox 87 3362 216 3435; x_wconf 86' lang='lat' dir='ltr'><strong>diendo</strong></span> <span class='ocrx_word' id='word_1_139' title='bbox 238 3367 428 3456; x_wconf 79' lang='lat' dir='ltr'><strong>relegerem</strong></span> <span class='ocrx_word' id='word_1_140' title='bbox 447 3365 631 3459; x_wconf 84' lang='lat' dir='ltr'><strong>persuasit.</strong></span> <span class='ocrx_word' id='word_1_141' title='bbox 647 3367 685 3436; x_wconf 91' lang='lat' dir='ltr'><strong>ln</strong></span> <span class='ocrx_word' id='word_1_142' title='bbox 701 3389 769 3460; x_wconf 88' lang='lat' dir='ltr'><strong>qua</strong></span> <span class='ocrx_word' id='word_1_143' title='bbox 786 3366 926 3460; x_wconf 86' lang='lat' dir='ltr'><strong>quidem</strong></span> <span class='ocrx_word' id='word_1_144' title='bbox 943 3365 1026 3438; x_wconf 92' lang='lat' dir='ltr'><strong>illud</strong></span> <span class='ocrx_word' id='word_1_145' title='bbox 1044 3389 1169 3460; x_wconf 85' lang='lat' dir='ltr'><strong>exper-</strong></span> 
     </span>
     <span class='ocr_line' id='line_1_23' title="bbox 90 3486 1169 3582; baseline 0 -23"><span class='ocrx_word' id='word_1_146' title='bbox 90 3500 145 3560; x_wconf 91' lang='lat' dir='ltr'><strong>tus</strong></span> <span class='ocrx_word' id='word_1_147' title='bbox 167 3508 261 3570; x_wconf 86' lang='lat' dir='ltr'><strong>sum,</strong></span> <span class='ocrx_word' id='word_1_148' title='bbox 285 3486 378 3578; x_wconf 92' lang='lat' dir='ltr'><strong>quod</strong></span> <span class='ocrx_word' id='word_1_149' title='bbox 396 3486 441 3557; x_wconf 90' lang='lat' dir='ltr'><strong>de</strong></span> <span class='ocrx_word' id='word_1_150' title='bbox 458 3489 620 3580; x_wconf 84' lang='lat' dir='ltr'><strong>perlectis</strong></span> <span class='ocrx_word' id='word_1_151' title='bbox 633 3486 851 3582; x_wconf 86' lang='lat' dir='ltr'><strong>poematibus</strong></span> <span class='ocrx_word' id='word_1_152' title='bbox 871 3487 939 3560; x_wconf 90' lang='lat' dir='ltr'><strong>dici</strong></span> <span class='ocrx_word' id='word_1_153' title='bbox 953 3490 1055 3571; x_wconf 91' lang='lat' dir='ltr'><strong>solet,</strong></span> <span class='ocrx_word' id='word_1_154' title='bbox 1076 3500 1113 3560; x_wconf 89' lang='lat' dir='ltr'><strong>ut</strong></span> <span class='ocrx_word' id='word_1_155' title='bbox 1125 3511 1169 3560; x_wconf 90' lang='lat' dir='ltr'><strong>ex</strong></span> 
     </span>
     <span class='ocr_line' id='line_1_24' title="bbox 88 3609 1169 3704; baseline -0.004 -21"><span class='ocrx_word' id='word_1_156' title='bbox 88 3610 254 3683; x_wconf 86' lang='lat' dir='ltr'><strong>crebriori</strong></span> <span class='ocrx_word' id='word_1_157' title='bbox 273 3609 403 3680; x_wconf 85' lang='lat' dir='ltr'><strong>scilicet</strong></span> <span class='ocrx_word' id='word_1_158' title='bbox 421 3609 565 3680; x_wconf 89' lang='lat' dir='ltr'><strong>lectione</strong></span> <span class='ocrx_word' id='word_1_159' title='bbox 589 3609 726 3683; x_wconf 79' lang='lat' dir='ltr'><strong>uberior</strong></span> <span class='ocrx_word' id='word_1_160' title='bbox 751 3610 935 3684; x_wconf 86' lang='lat' dir='ltr'><strong>delectatio</strong></span> <span class='ocrx_word' id='word_1_161' title='bbox 961 3612 1169 3704; x_wconf 87' lang='lat' dir='ltr'><strong>perveniret.</strong></span> 
     </span>
     <span class='ocr_line' id='line_1_25' title="bbox 90 3731 1173 3826; baseline 0.002 -25"><span class='ocrx_word' id='word_1_162' title='bbox 90 3734 259 3804; x_wconf 90' lang='lat' dir='ltr'><strong>Nimirum</strong></span> <span class='ocrx_word' id='word_1_163' title='bbox 282 3735 354 3804; x_wconf 87' lang='lat' dir='ltr'><strong>lere</strong></span> <span class='ocrx_word' id='word_1_164' title='bbox 374 3732 506 3815; x_wconf 90' lang='lat' dir='ltr'><strong>omnia,</strong></span> <span class='ocrx_word' id='word_1_165' title='bbox 527 3752 608 3825; x_wconf 85' lang='lat' dir='ltr'><strong>quae</strong></span> <span class='ocrx_word' id='word_1_166' title='bbox 629 3731 673 3803; x_wconf 90' lang='lat' dir='ltr'><strong>de</strong></span> <span class='ocrx_word' id='word_1_167' title='bbox 692 3731 856 3804; x_wconf 81' lang='lat' dir='ltr'><strong>ineffabili</strong></span> <span class='ocrx_word' id='word_1_168' title='bbox 878 3733 1008 3803; x_wconf 88' lang='lat' dir='ltr'><strong>amoris</strong></span> <span class='ocrx_word' id='word_1_169' title='bbox 1029 3731 1173 3826; x_wconf 83' lang='lat' dir='ltr'><strong>imperio</strong></span> 
     </span>
     <span class='ocr_line' id='line_1_26' title="bbox 90 3852 1174 3949; baseline -0.003 -24"><span class='ocrx_word' id='word_1_170' title='bbox 90 3856 269 3927; x_wconf 90' lang='lat' dir='ltr'><strong>conlusins</strong></span> <span class='ocrx_word' id='word_1_171' title='bbox 295 3853 388 3949; x_wconf 87' lang='lat' dir='ltr'><strong>apud</strong></span> <span class='ocrx_word' id='word_1_172' title='bbox 420 3852 635 3924; x_wconf 88' lang='lat' dir='ltr'><strong>clarissimos</strong></span> <span class='ocrx_word' id='word_1_173' title='bbox 663 3864 825 3925; x_wconf 89' lang='lat' dir='ltr'><strong>auctores</strong></span> <span class='ocrx_word' id='word_1_174' title='bbox 856 3853 994 3945; x_wconf 81' lang='lat' dir='ltr'><strong>magnis</strong></span> <span class='ocrx_word' id='word_1_175' title='bbox 1026 3853 1174 3924; x_wconf 90' lang='lat' dir='ltr'><strong>volumi-</strong></span> 
     </span>
     <span class='ocr_line' id='line_1_27' title="bbox 91 3972 1171 4072; baseline -0.002 -27"><span class='ocrx_word' id='word_1_176' title='bbox 91 3976 193 4048; x_wconf 92' lang='lat' dir='ltr'><strong>nibus</strong></span> <span class='ocrx_word' id='word_1_177' title='bbox 218 3977 459 4072; x_wconf 83' lang='lat' dir='ltr'><strong>explicantur‚</strong></span> <span class='ocrx_word' id='word_1_178' title='bbox 484 3995 694 4066; x_wconf 87' lang='lat' dir='ltr'><strong>omnemque</strong></span> <span class='ocrx_word' id='word_1_179' title='bbox 714 3973 971 4067; x_wconf 84' lang='lat' dir='ltr'><strong>peripateticam</strong></span> <span class='ocrx_word' id='word_1_180' title='bbox 994 3972 1171 4045; x_wconf 87' lang='lat' dir='ltr'><strong>materiam</strong></span> 
     </span>
     <span class='ocr_line' id='line_1_28' title="bbox 91 4096 1172 4194; baseline 0 -30"><span class='ocrx_word' id='word_1_181' title='bbox 91 4097 220 4192; x_wconf 88' lang='lat' dir='ltr'><strong>inqua</strong></span> <span class='ocrx_word' id='word_1_182' title='bbox 250 4110 364 4194; x_wconf 81' lang='lat' dir='ltr'><strong>poetae</strong></span> <span class='ocrx_word' id='word_1_183' title='bbox 397 4098 538 4192; x_wconf 84' lang='lat' dir='ltr'><strong>quidam</strong></span> <span class='ocrx_word' id='word_1_184' title='bbox 573 4096 727 4168; x_wconf 86' lang='lat' dir='ltr'><strong>illustres</strong></span> <span class='ocrx_word' id='word_1_185' title='bbox 764 4105 896 4168; x_wconf 83' lang='lat' dir='ltr'><strong>tantum</strong></span> <span class='ocrx_word' id='word_1_186' title='bbox 931 4096 1098 4189; x_wconf 85' lang='lat' dir='ltr'><strong>temporis</strong></span> <span class='ocrx_word' id='word_1_187' title='bbox 1133 4116 1172 4166; x_wconf 88' lang='lat' dir='ltr'><strong>ac</strong></span> 
     </span>
    </p>
   </div>
   <div class='ocr_carea' id='block_1_7' title="bbox 0 0 1354 4688">
    <p class='ocr_par' dir='ltr' id='par_1_7' title="bbox 0 0 1354 4688">
     <span class='ocr_line' id='line_1_29' title="bbox 0 0 1354 4688; baseline 0 0"><span class='ocrx_word' id='word_1_188' title='bbox 0 0 1354 4688; x_wconf 95' lang='lat' dir='ltr'><strong> </strong></span> 
     </span>
    </p>
   </div>
  </div>
 </body>
</html>
