2670 4688
458 108 609 158 crrsrott
632 108 728 158 xrxu.
1068 95 1122 156 381

10 240 196 323 ¹isisse
219 250 352 336 videor,
374 251 474 322 cuius
495 253 555 336 rei,
578 273 620 322 ne
641 252 685 322 de
706 262 833 323 caetero
853 273 1026 335 moveare,
1048 250 1128 345 red-

11 373 172 445 enda
188 373 274 444 ratio
291 384 354 443 est.
373 373 449 464 Ego
465 371 613 464 quidem,
633 373 752 457 amice,
773 373 850 444 stilo
869 373 949 445 huic
965 382 1126 444 constan-

10 499 97 558 Ξι·
131 497 302 578 inhaereo,
326 497 486 589 quotiens
510 495 794 589 grandiusculum
818 496 947 588 aliquid
973 496 1126 577 adorior;

10 620 204 691 §rancia
232 620 324 689 enim
351 639 415 690 nec
440 618 544 691 huius
576 619 816 711 augustissimi
845 619 1127 712 fugacissimique

10 745 237 836 ›emporis
254 764 316 813 nec
336 744 461 834 ingenii
480 743 545 814 mei
564 754 655 828 sunt,
671 766 733 816 nec
751 743 855 814 huius
872 744 1007 827 calami,
1023 763 1126 836 quem

10 868 232 950 agrestem
252 865 379 936 rectius
397 888 474 937 cum
497 866 627 949 liceret,
645 869 821 939 coelestem
840 865 994 938 urbanus
1013 864 1129 947 dicero

15 987 224 1060 maluisti.
244 989 289 1058 Ar
308 987 467 1081 quotiens
488 990 533 1059 ad
554 989 709 1082 plebeias
729 1002 833 1082 atque
850 990 998 1060 humiles
1015 1009 1127 1070 curas,

27 1123 149 1198 quas
175 1135 238 1183 nec
258 1113 336 1183 stilo
355 1111 480 1203 dignas
506 1123 636 1206 putem,
658 1113 774 1206 aliqua
799 1134 913 1183 rerum
939 1111 1129 1183 necessitas

43 1248 118 1307 me
143 1235 334 1314 attraxerit,
362 1232 534 1328 plebeium
559 1257 696 1328 quoquc
719 1235 956 1308 characterem
981 1254 1051 1305 uon
1075 1255 1129 1304 re-

48 1376 164 1439 cuso,
182 1379 226 1426 nc
242 1358 328 1428 lorte
348 1358 425 1451 plus
446 1377 562 1451 operae
579 1356 697 1428 verbis
715 1356 909 1451 impendam
927 1377 1031 1450 quam
1052 1376 1131 1426 sen-

54 1479 177 1549 tentiis
200 1478 382 1562 debeatur,
406 1480 510 1572 idque
535 1480 619 1551 mihi
645 1503 713 1553 noo
743 1480 836 1553 aliud
861 1501 979 1553 causae
1004 1477 1129 1550 inillis

56 1601 207 1674 literulis
232 1604 340 1674 fuisse
366 1605 515 1674 noveris.
540 1605 582 1674 lb
605 1604 681 1676 haec
704 1603 843 1696 quidem
870 1604 1048 1676 hactenus.
1075 1602 1131 1672 Ex

60 1748 155 1796 nunc
173 1737 303 1808 autem,
323 1726 491 1821 quidquid
512 1750 614 1820 agam
631 1737 665 1798 et
684 1729 761 1798 stilo
782 1727 945 1820 quolibet,
962 1725 1045 1797 illud
1064 1725 1132 1795 sal-

62 1859 132 1920 tem
152 1871 218 1919 noa
237 1848 413 1922 admittam
435 1862 472 1921 ut
489 1851 610 1944 plurali
628 1872 773 1923 nurnero
795 1863 871 1921 altu
887 1851 998 1922 amieo
1017 1856 1053 1919 cl
1074 1847 1132 1916 uui

61 1973 226 2065 loquens:
245 1973 347 2067 idque
365 1985 442 2045 tum
455 1987 595 2069 propter
617 1997 670 2046 me
689 1977 800 2069 ipsum
823 1996 899 2045 sum
918 1974 1070 2043 facturus
1087 1989 1131 2038 uc

63 2095 185 2165 amicis
196 2097 348 2178 mentiar,
358 2106 429 2168 lum
440 2100 497 2167 vel
510 2079 659 2170 maxime
672 2121 713 2169 ne
727 2099 889 2189 exemplo
903 2095 965 2166 tibi
979 2115 1130 2172 noceam,

63 2221 164 2289 cuius
183 2219 275 2309 apud
292 2231 324 2289 tc
342 2240 409 2289 non
428 2222 504 2289 levo
522 2221 658 2313 pondus
678 2242 758 2291 csse
776 2220 890 2290 video.
906 2219 956 2287 Tu
975 2217 1089 2307 igitur,
1103 2215 1133 2285 si

66 2361 122 2409 me
135 2361 247 2422 amaS,
262 2338 306 2410 ad
320 2341 495 2431 proprium
511 2341 625 2410 stilum
642 2339 731 2424 redi,
746 2353 782 2412 et
798 2338 833 2410 id
850 2359 996 2431 agamus
1010 2359 1078 2408 non
1097 2347 1134 2407 ut

66 2459 324 2553 auribusvulgi,
337 2462 400 2533 scd
417 2475 452 2533 ut
464 2463 580 2534 decori
591 2474 709 2534 nostro
724 2458 1133 2534 satislecissevideamur.

165 2585 274 2656 Venio
296 2607 386 2655 nunc
403 2585 447 2657 ad
464 2587 669 2657 acerrimum
688 2586 841 2657 dolorem
864 2605 995 2669 meum,
1014 2606 1083 2676 quo
1100 2583 1134 2653 iu

67 2708 221 2779 secunda
244 2718 339 2801 parto
360 2709 550 2781 litterarum
583 2719 719 2781 tuarum
742 2708 841 2802 quasi
863 2719 1034 2779 venenata
1054 2729 1135 2777 cus-

68 2831 148 2923 pide
165 2854 268 2903 aures
289 2856 384 2905 meas
402 2847 506 2927 atque
528 2834 680 2907 animum
698 2833 887 2929 pupugisti.
908 2833 979 2903 Ohl
1008 2835 1134 2902 factum

69 2957 221 3046 pessime
241 2956 286 3028 de
311 2958 422 3030 amico
451 2959 592 3050 optimo,
624 2959 690 3027 obl
723 2956 912 3027 infaustum
942 2953 1134 3046 negotium,

69 3074 114 3144 oh
129 3077 228 3147 lrem
253 3080 384 3150 tristem
407 3081 640 3151 calamitosam
667 3089 701 3151 ot
727 3081 903 3162 miseram,
920 3077 981 3149 oh!
1006 3097 1135 3147 novum

70 3211 105 3270 et
128 3199 319 3272 inauditum
347 3204 487 3275 saeculis
511 3204 686 3274 infortunii
717 3204 847 3295 genus!
874 3201 1136 3271 Assueleceram

69 3324 187 3394 oculos
213 3322 369 3396 tristibus
395 3326 614 3419 spectaculis,
641 3348 745 3423 aures
770 3325 898 3396 amaris
920 3321 1135 3405 rumoribuS,

70 3456 191 3539 pectus
215 3448 347 3519 cunctis
368 3452 514 3522 lortuoac
540 3449 753 3528 vulneribus,
779 3459 814 3519 et
835 3444 1028 3538 cogitabam
1049 3444 1137 3515 assi-

70 3570 140 3642 due
160 3572 244 3663 quid
266 3595 417 3664 unquam
438 3574 525 3655 mali,
549 3574 633 3665 quid
655 3570 779 3666 asperi,
803 3569 889 3662 quid
914 3567 1030 3640 acerbi
1051 3567 1139 3639 acci·

73 3695 184 3766 disset
200 3694 345 3781 homini,
364 3708 401 3766 ut
418 3695 556 3788 quidem
575 3696 657 3766 mihi
676 3706 710 3766 el
730 3693 830 3777 meis,
849 3693 1011 3787 quoniam
1031 3692 1140 3762 homi-

71 3840 133 3888 nes
154 3840 274 3890 sumus
295 3829 331 3893 et
353 3818 497 3900 nonDii,
518 3820 574 3889 vel
592 3831 799 3890 eventurum
822 3838 903 3888 esse
925 3816 980 3887 vel
999 3813 1140 3887 evenire

73 3957 176 4028 posse
200 3955 293 4014 corle
315 3944 455 4028 scirem,
479 3951 586 4035 utque
612 3942 783 4015 adversus
807 3943 921 4014 omnia
946 3942 1056 4013 iacula
1076 3937 1141 4008 du·
