2834 5086
1191 258 1246 323 537

268 528 495 655 rnuucrscr
532 578 777 655 Perennem
812 578 1150 654 unsntunnuun.

674 849 750 872 a*-

626 898 650 969 'a'

268 1375 368 1468 Saepe
389 1373 433 1445 de
451 1395 494 1448 eo
512 1394 647 1446 mecum
665 1373 839 1489 cogitans,
857 1373 903 1447 de
919 1396 990 1466 quo
1007 1395 1111 1446 nemo
1128 1372 1248 1463 nimis,

169 1498 270 1589 pauci
286 1497 371 1567 satis
386 1498 551 1588 cogitent,
570 1496 617 1570 de
634 1496 838 1568 novissimis
857 1496 990 1567 scilicet
1006 1518 1047 1568 uc
1063 1497 1109 1569 de
1126 1508 1247 1583 morte,

168 1637 249 1709 qnae
270 1616 435 1707 cogitatio
457 1638 573 1708 neque
594 1615 770 1710 superflua
791 1637 874 1689 esse
898 1625 1027 1723 pote-st,
1057 1637 1172 1709 neque
1197 1618 1250 1690 ni-

169 1737 276 1806 mium
296 1738 437 1822 festina,
458 1759 537 1809 cum
560 1749 596 1808 et
616 1757 710 1808 mors
729 1736 890 1808 omnibus
913 1749 1008 1815 certa
1030 1738 1087 1820 sit,
1108 1749 1145 1809 et
1164 1738 1250 1810 hora

169 1856 290 1928 mortis
321 1856 473 1939 incerta;
501 1857 583 1929 utile
604 1870 710 1951 atque
732 1858 914 1930 honestum
935 1858 1042 1933 credo
1062 1868 1249 1950 antequam

169 1998 224 2047 me
245 1997 341 2049 mors
362 1978 542 2072 impediat,
566 1978 650 2071 quia
671 2000 766 2051 mors
789 1981 863 2073 ipsa
883 1999 964 2070 quae
990 2000 1052 2072 per
1074 1979 1192 2050 varios
1215 1992 1251 2052 et

168 2098 353 2191 ambiguos
367 2122 482 2171 rerum
496 2120 602 2172 casus
616 2121 757 2196 semper
768 2099 1095 2196 nobisimpcndens
1109 2111 1250 2194 propter

168 2222 251 2293 vitae
264 2222 470 2294 brevitatem
484 2224 603 2314 procui
621 2242 789 2294 essenon
807 2232 931 2315 potest,
947 2246 1040 2295 nuno
1052 2225 1113 2295 Dei
1126 2223 1248 2321 gretip,

168 2341 251 2412 dum
272 2363 419 2434 corpore
437 2342 541 2412 simul
558 2351 662 2433 atque
678 2343 795 2414 animo
814 2365 922 2415 sanus
941 2365 1029 2426 sum,
1044 2345 1090 2415 de
1103 2367 1160 2416 me
1173 2346 1250 2438 ipso

168 2489 209 2539 ac
228 2467 273 2539 de
294 2466 401 2539 rebus
419 2468 507 2539 meis
526 2466 688 2539 testando
707 2468 903 2561 disponere.
922 2471 1105 2555 Quamvis,
1128 2480 1167 2541 ut
1187 2492 1250 2542 ve·

110 2639 112 2642 .
169 2611 246 2662 rum
267 2591 387 2673 fatear,
412 2599 482 2660 tam
504 2608 625 2681 purvae
646 2601 682 2659 et
702 2600 771 2660 tam
799 2610 922 2682 punem
947 2610 1006 2663 res
1032 2601 1115 2664 sunt
1145 2612 1247 2679 meae,

170 2721 207 2782 ut
226 2710 272 2784 de
292 2712 339 2783 iis*
352 2708 611 2804 quodammodo
627 2709 758 2804 pudeat
778 2732 836 2782 me
858 2712 990 2783 testari.
1010 2713 1078 2784 Sed
1100 2713 1249 2809 divitum

167 2842 272 2926 atque
305 2834 447 2928 inopum
481 2852 577 2905 ourae
608 2832 654 2904 de
683 2832 789 2906 rebus
814 2832 893 2905 licet
922 2832 1114 2928 imparibus
1144 2855 1250 2927 pares

168 2964 260 3027 sunt.
284 2956 370 3028 Volo
390 2955 498 3048 igitur
523 2953 612 3026 hano
637 2976 751 3027 meam
773 2956 987 3028 voluntatem
1009 2956 1164 3028 ultimam
1191 2978 1249 3028 or·

167 3076 302 3161 dinsre,
335 3087 372 3149 et
405 3077 544 3169 scriptis
570 3077 796 3162 committere,
832 3087 869 3148 et
893 3088 1036 3170 propter
1059 3077 1247 3170 quamdam

167 3194 402 3282 honestatem,
423 3208 460 3269 et
478 3196 525 3268 ob
543 3197 580 3269 id
600 3196 768 3283 maxime,
788 3220 833 3270 ne
852 3197 898 3271 de
920 3198 1121 3271 huiusmodi
1142 3199 1247 3272 rebus

167 3317 255 3388 meis
275 3328 417 3412 propter
438 3339 552 3389 meam
573 3317 846 3392 incuriositatem
874 3331 954 3413 post
977 3340 1093 3392 meum
1113 3320 1246 3393 obitum

167 3439 331 3532 litigetur.
414 3461 418 3470 ·

264 3562 303 3633 ln
325 3560 444 3656 primis
470 3562 622 3634 animam
648 3583 761 3635 meam
789 3566 1034 3656 peccatricem,
1066 3563 1132 3636 sed
1155 3563 1246 3638 divi·

165 3705 246 3756 nam
266 3682 540 3755 misericordiam
566 3684 807 3776 implorantem
829 3695 865 3758 et
884 3686 929 3758 de
944 3686 1006 3758 itta
1032 3696 1243 3779 sperantem,

164 3805 370 3877 commendo
400 3804 577 3877 humiliter
601 3806 678 3877 lesu
706 3806 861 3892 Christo,
887 3807 990 3899 eique
1011 3808 1111 3880 flexis
1133 3807 1244 3902 ipsius

166 3926 290 3998 animae
320 3926 484 4020 genibus,
514 3936 552 3998 ut
583 3950 603 4000 a
634 3949 674 4000 se
699 3941 852 4003 creatum
880 3931 1005 4024 suique
1032 3930 1245 4004 sanctissimi

167 4047 343 4136 sanguinis
364 4050 473 4142 pretio
495 4047 720 4141 redemptam,
741 4060 902 4143 proteget
919 4051 1052 4125 effusus
1072 4051 1241 4146 supplico,
