2670 4688
130 249 188 310 252
468 261 510 309 nn
531 260 631 309 nunus
654 260 876 311 rturtnruuus

130 405 265 475 avertit.
284 403 354 474 Sed
374 403 538 495 quoniam
557 414 638 474 'rara
656 416 711 475 est
729 402 804 473 sine
825 405 1033 496 exceptione
1052 409 1222 493 felicitas,

129 527 186 595 ille
217 535 273 595 est
303 523 443 596 abunde
469 526 567 607 felix,
592 526 648 596 cui
670 525 759 596 inter
779 525 896 595 tuscas
917 548 1082 598 errorum
1105 530 1223 603 nubes

129 647 281 718 coelestis
303 645 443 717 tandem
466 648 527 717 lux
548 647 726 719 affulserit.
745 645 837 728 Quid
859 669 950 717 nunc
970 647 1083 739 igitur
1105 653 1223 722 reris?

129 769 219 840 Ecce
238 789 319 861 quae
341 778 422 841 tuuc
442 768 666 851 videbantur,
689 768 875 862 praesentia
900 769 968 839 iam
993 781 1089 839 sunt.
1105 772 1221 844 l'idoo

128 914 222 963 nunc
242 902 372 962 tantam
392 900 428 962 et
449 904 519 963 tam
542 892 696 983 rapidam
718 892 800 962 vitae
820 894 955 982 fugam,
976 900 1014 962 ut
1034 893 1102 963 vix
1123 895 1218 965 illam

129 1015 243 1086 animo
264 1015 378 1085 metiri
399 1015 554 1109 possim:
577 1027 710 1086 etcum
733 1014 1026 1107 imcomparabilis
1044 1019 1094 1087 sit
1108 1019 1217 1089 animi

129 1137 306 1220 velocitas,
329 1158 435 1229 prope
457 1136 609 1207 velocior
629 1136 701 1208 vita
721 1149 786 1208 est.
814 1137 934 1208 Sentio
952 1138 1116 1229 singulos
1137 1139 1217 1211 dies

127 1256 302 1350 horasque
322 1270 358 1329 ct
378 1271 553 1330 momenta
571 1282 625 1329 mo
643 1260 687 1330 ad
707 1261 864 1331 ultimum
885 1280 1033 1349 urgere:
1053 1261 1215 1352 quotidie

127 1380 173 1453 ad
194 1392 338 1452 mortem
361 1406 418 1454 eo:
441 1383 510 1454 imo
531 1382 681 1476 aedepol,
703 1381 886 1474 quodiam
910 1390 1000 1463 tunc,
1022 1381 1111 1452 dum
1129 1384 1216 1456 ado-

128 1508 260 1577 lescorn
282 1505 436 1589 videbar,
455 1506 667 1598 inceperam,
679 1503 842 1598 v<quotidie
860 1505 1010 1587 mori0r3
1028 1517 1067 1576 et
1087 1529 1213 1601 parum

128 1623 228 1695 abest
260 1625 344 1715 quin
378 1627 447 1694 iam
480 1625 564 1695 mihi
599 1625 773 1717 praeterito
805 1627 851 1697 sit
883 1625 1062 1697 utendum.
1086 1630 1214 1722 lllagna

125 1745 216 1818 ouini
237 1767 283 1817 ex
306 1757 403 1841 parto
424 1759 538 1817 actum
560 1758 615 1818 ost
635 1750 730 1840 quod
750 1752 922 1840 agendum
944 1762 1031 1822 erat.
1049 1751 1098 1823 At
1118 1755 1216 1845 quod

126 1880 300 1965 supuruut,
324 1867 503 1939 rninimum
527 1867 561 1939 id
583 1870 739 1961 quidem,
763 1883 799 1943 ut
819 1895 989 1964 auguror,
1010 1895 1108 1947 nune
1127 1877 1214 1948 dum

128 2000 240 2063 ticrnn
264 1991 386 2083 loquor
407 1990 543 2080 agitur:
569 2002 672 2064 vetus
693 1996 865 2066 sententia
887 2017 964 2066 mea
985 2007 1050 2067 est.
1074 1998 1216 2071 Fallunt

124 2123 184 2187 out
216 2112 379 2183 tlrllnutur
411 2116 532 2206 procul
557 2112 663 2186 dubio
693 2116 751 2209 qui
785 2118 903 2190 nescio
935 2139 1043 2212 quam
1067 2130 1213 2193 aetatem

123 2234 370 2307 consistentem
401 2230 531 2304 dicunt.
562 2236 590 2303 Ο
619 2257 685 2307 vos
709 2239 770 2330 qui
796 2239 877 2311 huie
902 2245 1114 2335 corpusculo
1141 2256 1214 2317 tam

123 2357 229 2428 multu
250 2353 470 2447 promittitis,
486 2368 522 2428 ut
544 2358 628 2428 libet
647 2360 682 2429 in
704 2360 857 2453 reliquis:
886 2386 991 2434 unum
1014 2363 1082 2436 hoc
1102 2369 1213 2441 nolite

123 2478 330 2575 promittere,
351 2477 509 2552 stabilem
536 2482 584 2554 rei
611 2493 751 2555 statum.
784 2485 909 2557 Curate
935 2484 1098 2573 fideliter,
1128 2492 1215 2564 soli-

122 2602 198 2683 cito,
235 2600 441 2692 prudentor,
475 2616 637 2697 praestate
666 2610 760 2701 quod
790 2608 824 2677 in
856 2606 957 2679 vobis
985 2623 1056 2694 est,
1087 2615 1214 2704 pellite

121 2722 302 2797 morboso
329 2727 478 2819 vestigio
505 2751 725 2814 reversuros,
761 2730 895 2803 dillerte
929 2731 1081 2818 senium,
1111 2736 1214 2828 quod

122 2847 248 2925 auferri
269 2847 335 2917 nisi
358 2851 478 2920 mortis
500 2873 565 2942 ope
585 2874 652 2922 non
675 2862 812 2943 potest:
834 2852 970 2925 obstate
990 2854 1091 2925 morti
1121 2879 1214 2931 mox

122 2981 293 3053 renturae,
321 2972 464 3042 traenato
496 2973 645 3042 viridem
679 2983 835 3057 aetatem,
872 2977 935 3047 sed
970 2978 1079 3047 fraena
1112 3001 1212 3051 mor-

122 3122 239 3177 suram
259 3096 416 3186 interque
434 3115 559 3163 manus
581 3095 798 3165 lraenantium
822 3095 1007 3179 abituram;
1025 3108 1061 3168 at
1077 3112 1210 3175 cavete

123 3227 207 3323 quin
228 3232 320 3293 stare
341 3215 433 3286 illam
455 3215 644 3309 extimcu's.
680 3217 714 3286 Si
748 3221 838 3289 enim
871 3221 941 3289 vita
976 3220 1094 3292 brevis
1130 3236 1208 3311 est,

124 3374 205 3451 w
224 3346 332 3444 prima
353 3353 482 3412 vustrae
500 3341 727 3434 professionis
745 3352 800 3413 est
819 3365 904 3426 vox,
923 3342 1099 3434 quomodo
1119 3346 1209 3420 vitae

128 3494 241 3563 {tutus
257 3474 368 3559 longae
385 3467 487 3537 suut?
504 3465 634 3535 Essent
651 3467 764 3556 longae
781 3477 897 3535 autem
913 3466 942 3534 si
955 3464 1205 3542 consisterent.

129 3608 225 3695 'tnui
238 3618 278 3669 ue
294 3591 423 3689 rapitur
440 3599 527 3660 aetas
551 3589 678 3671 omnis,
699 3589 791 3657 nulla
808 3587 975 3658 consistit.
995 3588 1116 3660 Omnis
1138 3591 1208 3666 ita-

135 3758 182 3807 ,ni
207 3744 291 3797 nnus
304 3716 387 3809 frigit
401 3712 512 3806 aeqnis
530 3711 708 3805 passibus,
725 3709 786 3801 serl
809 3735 875 3781 non
896 3732 997 3802 acque
1019 3715 1207 3803 perpendi-

144 3886 170 3923 n-
226 3872 298 3933 auu
318 3835 598 3919 atlsueurlcntium
613 3832 969 3925 descendentiumquc
983 3839 1205 3925 conspectior

147 4012 169 4043 „
183 4002 244 4047 ,ἶῦ
262 3990 325 4047 cst.
347 3970 422 4061 Ego
441 3963 515 4034 haec
536 3978 615 4054 quae
633 3957 713 4027 olim
736 3957 904 4049 opinabar
927 3956 997 4026 scio
1021 3966 1056 4026 et
1082 3957 1202 4044 rideo,

152 4152 157 4159 .
206 4134 256 4175 ,xx
281 4132 309 4171 ,ε
327 4114 393 4169 auu
409 4082 588 4167 obstruitis
610 4081 736 4162 oculos,
759 4077 894 4151 ridetis,
916 4078 1001 4159 Quis
1019 4078 1110 4150 orrim
1131 4105 1202 4155 nou
