2670 4688
132 252 188 313 2⁸2
459 256 498 302 nn
519 254 619 301 nunus
641 252 862 301 ruuniumut's

129 412 190 479 bns
209 401 389 484 Africanis
408 402 536 482 Laeliis,
556 398 670 469 Fabiis
688 397 866 479 Maximis,
883 396 1053 481 Metellis,
1079 400 1211 469 Brutis.

129 526 247 606 Deciis,
270 522 469 606 Catonibus,
488 522 647 612 Regulis,
666 517 894 603 CursoribuS,
913 519 1123 611 Torquatis,
1147 523 1211 590 l'a-

126 647 231 728 luriis,
246 646 417 727 Corvinis,
433 642 701 727 Salinatoribus,
729 641 896 723 Claudiis,
923 642 1123 725 Marcellis,
1145 643 1209 712 Ne-

125 766 280 847 ronibus,
300 767 461 849 AEmiliis,
478 766 622 849 Fulviis,
650 762 845 847 Flaminiis,
863 762 1010 847 Attiliis,
1036 765 1205 847 Quintiis,

123 886 246 967 Curiis,
275 885 450 969 Fabriciis,
481 908 522 957 ac
548 887 712 969 Camillis,
740 896 775 955 et
800 907 869 955 non
893 906 974 956 cnm
1006 885 1066 955 his
1091 900 1205 957 extre-

124 1010 185 1081 ruis
216 1007 365 1089 loribus,
393 1008 485 1079 iuter
515 1029 604 1098 quos
636 1007 787 1077 adverso
817 1007 934 1078 sidere
968 1020 1080 1078 natus
1114 1031 1201 1079 sum.

123 1130 203 1203 milii
222 1127 343 1198 videar
362 1142 500 1200 aetatem
515 1151 632 1220 agore.
652 1131 696 1201 Et
712 1130 774 1201 oh!
799 1129 828 1201 si
850 1140 945 1201 totns
967 1130 1059 1200 mihi
1073 1134 1203 1203 contiu-

121 1270 228 1347 geres,
243 1250 372 1342 quibus
386 1251 464 1323 aliis
478 1254 666 1344 quantisve
683 1251 881 1323 nominibus
898 1262 936 1323 et
946 1254 1200 1325 vitaesolatium

120 1386 156 1449 ot
177 1373 283 1464 iniqui
311 1374 477 1467 temporis
506 1373 635 1446 oblivio
660 1386 888 1468 quaereretur.
917 1374 1011 1457 Quae
1041 1377 1201 1468 quoniam

122 1497 221 1571 simul
242 1495 335 1585 apud
361 1505 394 1564 te
416 1517 566 1588 nequeo,
589 1497 683 1588 apud
706 1496 793 1568 alios
820 1495 972 1589 sparsim
1001 1499 1102 1589 lego:
1130 1519 1201 1591 pro-

121 1622 206 1693 lueto
224 1625 260 1687 et
278 1638 321 1687 eo
342 1616 376 1685 in
398 1617 484 1688 libro
506 1618 564 1689 ubi
591 1629 623 1688 te
650 1630 758 1691 totum
786 1619 850 1690 sed
876 1618 911 1687 in
938 1621 1134 1711 angustias
1158 1618 1201 1689 sio

121 1749 274 1815 oonotmn
294 1737 398 1807 video
425 1748 463 1807 ut
487 1737 653 1810 librorum
679 1760 825 1811 numero
848 1738 948 1823 nihil,
979 1738 1093 1811 rebus
1123 1740 1201 1835 ipsis

124 1862 288 1938 inlinitum
309 1859 410 1930 desit.
430 1861 480 1931 Tu
498 1861 603 1931 velim
617 1864 662 1933 de
680 1859 932 1954 antiquioribus
950 1862 1151 1958 Polybium,
1171 1872 1202 1931 et

123 1984 280 2075 Quintum
303 1982 494 2065 Claudium,
513 1994 548 2054 ot
569 1985 742 2056 Valerium
761 1982 954 2069 Antiatem,
975 1985 1200 2080 reliquosque

114 2127 264 2207 quorum
279 2104 399 2194 gloriae
419 2106 583 2196 splendor
606 2118 686 2179 tuus
706 2105 828 2178 officit:
850 2106 895 2178 de
908 2107 1014 2177 novis
1031 2130 1123 2179 vero
1140 2108 1201 2178 Pli-

125 2237 216 2311 ninm
230 2226 672 2311 seeundumVeronensem,
688 2229 840 2300 vioinum
854 2238 953 2299 tuum
968 2240 1081 2323 atque
1093 2251 1200 2301 aemu·

127 2345 374 2447 lumquondam
397 2355 493 2415 tuum
513 2347 674 2442 Crispum
693 2351 893 2424 Sallustium
909 2352 1055 2433 salutes,
1072 2351 1199 2447 quibus

128 2476 245 2557 nuncia
258 2468 364 2543 nihilo
380 2468 551 2541 feliciores
567 2492 688 2543 eorum
702 2473 837 2565 vigilias
854 2472 963 2542 luisse
979 2494 1094 2565 quam
1112 2486 1197 2545 tuas.

131 2606 298 2681 ‚nmmum
331 2592 408 2661 vale
442 2614 559 2664 rerum
594 2603 771 2685 gestarum
805 2593 985 2666 memoriae
1020 2596 1200 2667 consultor

130 2728 259 2827 Quoue.
278 2714 378 2811 Apud
398 2733 560 2805 superos,
583 2718 617 2786 in
638 2740 681 2789 na
702 2730 800 2811 parte
819 2717 941 2800 ltaliae,
964 2727 1001 2787 et
1022 2719 1057 2787 in
1076 2740 1124 2790 ea
1143 2741 1199 2789 ur-

134 2860 187 2931 '1
206 2854 238 2923 i.
254 2862 322 2941 qua
340 2848 375 2909 et
393 2858 459 2927 ego
477 2860 568 2908 nuno
589 2839 720 2925 habito,
742 2851 778 2911 et
799 2852 835 2911 tu
852 2841 934 2910 olim
952 2852 1058 2911 natus
1079 2864 1125 2913 ae
1145 2863 1198 2913 se-

141 2990 244 3051 ffl
258 2988 312 3043 es.
330 2964 365 3033 iu
384 2957 557 3029 vestibulo
575 2960 717 3030 Iustinae
734 2962 896 3051 virginis,
919 2972 954 3032 et
975 2971 1058 3035 ante
1080 2963 1196 3058 ipsum

139 3100 276 3181 mxi
296 3088 343 3165 tui
362 3082 508 3181 lapidem
528 3081 614 3151 Vlll.
637 3082 810 3154 Kalendas
837 3083 995 3153 Martias:
1019 3082 1129 3155 Anno
1155 3082 1198 3154 ab

154 3254 213 3301 au
232 3240 308 3297 ῃ
331 3230 446 3309 quom,
464 3204 493 3277 si
514 3206 618 3296 paulo
638 3205 793 3277 vixisses
810 3205 954 3291 diutius,
973 3226 1124 3279 cernere
1142 3209 1197 3278 vel

161 3380 253 3425 m
272 3342 380 3419 nite
399 3329 584 3429 potuisses,
606 3326 760 3397 llCCCL.
