2834 5086
163 565 222 629 tes
620 578 782 629 turrttnua

163 740 253 811 quas
272 730 310 793 et
328 718 376 793 ad
401 730 523 793 uestra
549 732 586 793 et
613 720 659 793 ad
687 720 763 815 ipsa
791 718 943 815 parentis
971 718 1121 805 moenia,
1156 738 1261 791 sem-

163 864 226 934 per
237 840 392 936 quidem,
407 840 472 915 sed
485 865 577 916 nunc
589 844 776 937 praecipue,
797 844 948 915 instante
965 854 1005 915 ut
1018 842 1138 914 nostis
1156 838 1262 913 lubi-

164 967 240 1049 lreo,
260 964 412 1039 fidolium
433 966 593 1038 exomni
610 966 754 1057 regione
770 984 964 1047 concursus
980 965 1062 1049 erit,
1080 970 1260 1057 purgatae

164 1086 358 1160 latronibus
377 1098 518 1183 pateant
539 1088 752 1181 peregrinis,
774 1108 819 1158 ne
836 1087 929 1159 iusto
945 1097 1038 1157 metu
1054 1082 1176 1157 territi
1193 1082 1260 1155 vel

164 1211 260 1303 pium
281 1232 370 1305 opus
389 1209 564 1293 omittere,
591 1211 649 1281 uel
675 1217 806 1281 rectum
832 1206 899 1281 iter
921 1207 1062 1280 flectere
1090 1204 1260 1299 compel-

165 1336 303 1417 lantur,
323 1333 419 1426 quod
440 1332 506 1403 nisi
522 1332 649 1403 acriter
669 1330 892 1424 provideritis
909 1330 984 1425 (sed
1001 1350 1105 1421 spero
1124 1328 1258 1421 utique

165 1454 398 1548 provisuros),
411 1466 558 1526 aeternae
578 1453 680 1525 vobis
701 1452 852 1526 infamiae
872 1454 1043 1525 maculam
1060 1448 1257 1541 irrogabit

166 1575 205 1647 ln
226 1575 348 1670 primis
368 1584 483 1648 autem
501 1574 706 1670 expeditum
727 1596 809 1647 esse
827 1573 930 1647 decet
953 1571 1125 1667 Apennini
1154 1582 1258 1645 tran·

166 1700 290 1780 situm,
312 1696 405 1771 unde
425 1698 644 1771 numerosior
663 1700 812 1791 populus
833 1705 1052 1791 expectatur,
1077 1692 1125 1767 ad
1151 1694 1258 1788 quod

167 1819 299 1889 utinam
322 1820 565 1913 tempestivius
585 1819 620 1887 in
641 1817 793 1889 animum
814 1817 973 1889 uenisset
996 1824 1152 1889 vestram
1176 1838 1259 1889 ma·

167 1938 404 2031 gnificoutiom
425 1940 620 2021 exhortari,
642 1938 767 2009 luisset
792 1940 972 2033 provisum
997 1940 1149 2010 tortasse
1176 1958 1259 2009 ma*

168 2060 298 2143 turius,
319 2083 385 2133 nec
405 2060 484 2131 uliis
502 2058 652 2131 corendi
672 2056 1043 2152 circumspiciendique
1062 2056 1256 2131 materiem

167 2178 312 2251 infelicis
333 2179 435 2253 amici
456 2180 523 2251 mei
543 2178 743 2251 miserabile
762 2180 996 2271 spectaculum
1022 2176 1256 2271 prsebnisset.

169 2299 216 2370 At
235 2301 320 2393 quid
341 2302 495 2395 suspecti
516 2304 613 2373 orat?
629 2300 668 2372 ld
685 2308 772 2371 artas
792 2312 909 2372 nostra
930 2321 997 2370 non
1015 2297 1168 2379 uiderat,
1188 2296 1259 2373 sed

168 2422 220 2491 sic
232 2445 253 2492 a
267 2422 464 2493 senioribus
482 2432 664 2515 acceperat
680 2444 763 2493 esso
779 2422 920 2516 quidem
937 2420 1110 2517 Apennini
1127 2421 1258 2513 iugum

168 2543 286 2613 natira
312 2542 499 2632 asperitate
524 2542 677 2626 dillicile,
712 2555 879 2615 coeterum
904 2544 952 2613 nil
979 2541 1102 2613 viatori
1128 2542 1259 2629 tutius,

167 2663 226 2731 vel
247 2660 464 2753 hospitalius.
485 2664 577 2749 Quid
598 2673 716 2735 autem
734 2664 812 2748 erit,
840 2666 871 2734 si
894 2663 940 2736 de
963 2660 1174 2735 custodibus
1201 2666 1261 2737 lu·

168 2806 239 2869 reS,
261 2784 306 2856 de
326 2783 472 2857 canibus
496 2786 566 2879 lupi
585 2785 690 2858 fiant?
707 2786 772 2859 Ubi
789 2786 833 2858 ad
852 2808 955 2857 suum
977 2784 1095 2857 silvosi
1119 2788 1261 2861 montis

168 2907 350 2979 horrorem
376 2909 671 3001 nequissimorum
693 2909 872 2980 hominum
900 2915 1011 2978 terror
1036 2908 1262 2983 accesserit?

168 3028 272 3101 Brevi
293 3052 419 3122 nempe
441 3040 534 3101 totus
555 3030 611 3101 ille
634 3042 803 3101 terrarum
827 3039 961 3100 tractus
982 3025 1028 3099 ab
1046 3026 1263 3103 horninibus

169 3147 370 3236 deseretur,
411 3151 652 3246 inhospitalior
688 3150 828 3222 Atlante
865 3154 922 3223 uel
958 3150 1123 3222 Caucaso.
1162 3150 1264 3229 Huic

170 3273 372 3365 ignominiae
391 3283 427 3344 et
450 3273 533 3345 huic
559 3274 666 3369 posti,
693 3273 760 3344 uiri
794 3277 915 3355 fortes,
940 3272 1123 3345 occurrite.
1143 3272 1265 3351 Vide-

170 3393 251 3465 bitis
278 3417 367 3467 saxa
392 3394 545 3467 nondum
568 3396 660 3467 sicco
681 3394 770 3465 ciris
797 3394 906 3467 vestri
931 3414 1055 3469 cruore
1079 3398 1264 3495 rorantia.

170 3516 252 3588 inde
272 3516 415 3589 discetis
435 3527 642 3591 oaeterorum
664 3518 766 3590 saluti
788 3539 938 3611 quonam
960 3514 1114 3589 remedio
1132 3520 1266 3609 provi-

170 3637 325 3711 dendum
346 3638 401 3711 sit
423 3639 490 3724 Qui
514 3649 696 3733 amputare
723 3641 798 3709 vult
823 3638 998 3723 arborem,
1025 3660 1046 3710 a
1070 3633 1265 3717 radicibus

171 3758 327 3851 incipiet,
352 3761 414 3853 qni
440 3761 570 3833 siccare
595 3762 674 3831 vult
699 3758 843 3843 rivulos,
875 3761 1004 3832 iontem
1038 3758 1158 3829 siccet.
1186 3760 1266 3847 Qut

170 3881 382 3972 extinguere.
397 3885 476 3953 vult
496 3884 666 3965 latrones,
689 3880 827 3953 insistat
847 3879 1123 3975 receptatoribus
1139 3884 1267 3957 extir-

173 4001 306 4092 pandis.
330 4004 380 4075 lte
400 4003 573 4086 celeriter,
595 4003 643 4073 ite
664 4002 897 4095 feliciterque
916 4002 1088 4097 ooepistis,
1107 4000 1265 4079 etbene

172 4121 375 4195 iuvantibus
395 4125 546 4218 superis,
568 4124 660 4195 londa
676 4126 846 4197 scelerum
862 4127 1016 4197 claustra
1028 4123 1264 4217 confringite,

173 4239 277 4314 simul
307 4269 348 4317 ao
379 4260 495 4321 notam
529 4246 574 4319 ab
607 4248 717 4319 oculis
744 4248 875 4319 nostris
905 4247 1113 4339 abstergite,
1148 4246 1266 4318 relin-

173 4374 321 4455 quontcs
343 4370 492 4459 posteris
513 4367 656 4442 iustitie
677 4372 822 4455 lamam,
843 4392 950 4464 quam
970 4392 989 4440 a
1017 4364 1176 4461 patribus
1198 4388 1265 4439 ac-
