2670 4688
124 242 182 300 llll
605 249 764 298 ntnrnuuu

123 409 226 486 atquc
240 393 326 463 adeo
347 394 478 463 clarum
501 403 566 474 cst,
591 403 635 473 ut,
659 370 786 483 praeler
804 402 839 462 te
859 393 988 465 virum
1010 403 1136 471 omnis
1157 403 1230 473 boui

123 515 288 597 nescium,
310 514 392 582 nulli
415 511 593 583 bominum
613 511 823 602 incognitum
839 513 1088 589 arbitremur.
1104 524 1229 596 Contra

124 645 238 706 auteur
254 644 287 704 te
299 656 367 704 non
382 633 555 703 vicarium
570 631 703 723 imperii
717 632 909 718 credimus,
929 637 998 707 sed
1022 652 1227 714 nostrorum

124 759 292 841 bostium,
327 765 361 826 et
389 755 485 847 quod
515 755 622 825 multo
653 753 711 824 tibi
740 754 867 826 loedius
902 770 980 844 est,
1013 767 1225 856 praedonum

123 901 263 974 quoque
296 877 493 970 reipublicae
527 875 791 970 stipendiarium
823 877 977 952 scimus.
1008 884 1109 968 Quis
1139 892 1225 961 enim

126 1014 194 1073 tam
226 1021 373 1091 grossus
412 999 552 1090 ingenio
594 1007 647 1067 est
689 1008 727 1068 ut
764 998 886 1072 credat
925 1025 1134 1081 romanum
1171 1013 1225 1081 im-

124 1136 316 1217 peratorem
350 1121 458 1192 docus
485 1143 526 1191 ac
556 1122 692 1192 culmen
727 1121 921 1214 principum
957 1129 1070 1201 orbis
1107 1144 1223 1213 terre.

124 1256 228 1319 aetate
250 1244 305 1315 illa
325 1264 387 1314 sua
415 1243 554 1326 florida,
586 1243 643 1314 illo
671 1265 749 1314 cum
776 1244 918 1330 robore,
952 1248 1018 1322 illa
1041 1257 1227 1345 prudentia

124 1369 339 1460 consilioque
359 1365 561 1449 subnixum,
590 1366 656 1437 illis
682 1375 732 1436 tot
751 1364 883 1437 bellicis
907 1367 1102 1448 illustrem
1122 1383 1227 1452 virtu·

126 1489 234 1571 tibus,
259 1489 316 1559 illa
340 1487 492 1579 denique
524 1487 773 1579 praevalentum
798 1485 929 1558 ducum
960 1514 1011 1566 ae
1039 1521 1226 1591 procerum

123 1609 287 1683 comitiva
305 1610 350 1680 ad
367 1609 640 1702 compescendos
670 1618 784 1679 motus
804 1609 961 1694 Italicos
1004 1620 1154 1710 quihus
1171 1625 1228 1694 vin

124 1736 201 1829 ipsa
221 1731 323 1803 bodie
346 1733 400 1803 vel
422 1732 498 1803 lulii
511 1731 674 1815 Caesaris,
691 1735 747 1803 vel
761 1731 933 1823 Scipionis
947 1734 1128 1815 Africani
1142 1768 1227 1840 pre

124 1856 248 1938 sentia,
271 1854 334 1926 sed
357 1876 418 1925 nec
434 1854 614 1946 utriusque
628 1855 815 1937 sufficeret,
834 1874 1118 1953 senescentem,
1142 1881 1191 1957 et,
1205 1873 1229 1942 si

122 1999 246 2049 verum
260 1997 365 2069 aequo
381 1978 497 2048 auimo
518 1977 589 2071 pati
611 1986 724 2068 potes,
740 1976 906 2048 furiosum
923 1989 1045 2073 atque
1066 1989 1230 2064 inutilem

121 2096 570 2194 presbyterumdirexisse‘?
583 2099 766 2191 Nunquam
780 2102 934 2192 prolecto
952 2107 1122 2184 milvum
1134 2119 1231 2210 nqui-

122 2222 170 2304 la,
194 2239 370 2310 nunquam
394 2220 448 2289 leo
466 2221 618 2312 leporem
637 2221 732 2291 misit
745 2221 777 2290 in
791 2221 962 2313 praedam.
983 2228 1125 2306 Solent
1139 2240 1229 2309 enim

122 2344 182 2438 qui
205 2341 387 2413 mittuntur
408 2340 542 2412 similes
563 2363 644 2413 esse
663 2342 889 2414 mittentibus,
905 2343 984 2415 Tibi
999 2356 1114 2442 quid,
1131 2381 1230 2452 quae.

124 2486 258 2551 sumus
280 2487 357 2536 cum
386 2465 597 2558 Imperatore
615 2464 755 2537 domiuo
784 2474 906 2535 sancto
936 2482 1074 2546 nostro
1099 2481 1229 2552 similis

122 2593 200 2661 est?
220 2588 377 2671 Animus,
393 2599 487 2672 aetas
503 2610 625 2681 genus,
641 2611 685 2658 an
700 2588 821 2670 virtus,
836 2609 878 2657 an
895 2591 1109 2679 professio?
1123 2604 1228 2674 Nulla

122 2711 188 2782 uisi
206 2709 452 2782 dissimilitudo
474 2731 588 2779 rerum
612 2730 687 2800 par:
716 2729 890 2800 nunquam
918 2718 990 2779 tam
1010 2720 1120 2791 nulla
1142 2747 1227 2818 pro

123 2832 245 2926 portio.
264 2832 298 2899 Si
316 2851 387 2922 quo
406 2843 438 2902 te
457 2830 563 2922 igitur
589 2830 726 2922 lmperii
744 2830 915 2901 vicarium
938 2850 1149 2924 possemus
1173 2847 1225 2916 in.

122 2955 207 3026 ditio
228 2953 414 3044 suspicari,
448 2974 648 3044 quanquam
670 2972 738 3023 non
757 2953 928 3024 immerito
957 2953 1005 3024 de
1034 2963 1222 3040 mittentis

123 3075 250 3149 iudicio
272 3074 492 3158 miraremur,
514 3076 595 3167 quia
613 3075 827 3169 propositum
845 3087 899 3147 est
920 3075 1022 3148 nobis
1040 3083 1095 3154 nil
1122 3094 1220 3162 velle

122 3200 214 3292 quod
238 3198 334 3281 nolit,
357 3208 392 3268 et
414 3197 459 3266 nil
478 3199 568 3267 nolle
588 3196 684 3289 quod
698 3198 794 3280 velit,
810 3198 918 3293 parati
939 3220 1129 3291 essemus
1145 3216 1217 3284 etsi

122 3344 189 3392 non
209 3321 306 3414 parvi
324 3319 467 3412 periculi
489 3342 560 3390 rem
581 3320 741 3405 solamne,
761 3319 806 3392 ad
824 3322 899 3392 irati
921 3334 955 3393 et
976 3325 1096 3398 rabidi
1121 3335 1216 3406 iudi·

122 3446 171 3516 cis
196 3443 343 3514 tribunal
365 3441 542 3524 accedere,
561 3454 595 3513 et
615 3464 679 3513 nos
697 3456 778 3514 ante
795 3445 906 3537 ipsum
922 3444 1123 3523 iracundiae
1138 3469 1214 3528 tuae

122 3571 249 3639 tulmen
264 3565 356 3636 vivis
371 3575 406 3636 et
420 3564 514 3635 veris
529 3565 674 3637 vocibus
688 3588 873 3651 excusare,
889 3567 1015 3659 quibus
1031 3574 1090 3642 vel
1110 3587 1211 3650 tuam

122 3693 340 3781 placaremus
368 3688 553 3770 insaniam,
589 3691 646 3758 vel
662 3689 756 3782 quia,
786 3699 823 3760 ut
840 3689 1028 3773 credimus
1054 3693 1113 3766 illa
1140 3701 1210 3770 nisi

123 3813 201 3880 leni
220 3814 293 3882 acic
315 3812 425 3903 frangi
449 3808 584 3904 nequit,
615 3833 732 3883 coram
762 3815 833 3884 Deo
851 3815 972 3884 saltem
992 3824 1028 3883 et
1049 3815 1210 3892 homini-

123 3930 188 4000 bus
207 3945 360 4005 nostram
379 3935 609 4006 innocentiam
627 3935 865 4027 probaremus.
884 3937 950 4006 Sed
977 3938 1150 4028 quoniam
1175 3954 1210 4015 te

122 4074 187 4122 non
225 4056 359 4146 {inperii
399 4060 586 4140 vicarium,
622 4057 686 4128 sed
717 4057 977 4151 stipendiarium
1010 4060 1147 4147 lurum,
1171 4078 1211 4138 ut
