2670 4688
523 315 675 364 urrsrout
696 314 802 362 xxxru.
1137 299 1197 363 395

125 471 160 530 et
178 459 341 553 quamvis
359 457 605 552 pluriformiter
625 456 786 549 utrinque
808 475 997 548 suppresso
1021 453 1195 526 Ciceronis

127 582 274 664 nomine,
295 580 457 652 coniicies
479 593 591 650 tamen
613 578 871 649 Ciceronianam
891 577 1029 648 Catonis
1047 599 1197 650 excusa·
1248 560 1250 564 ¹

127 704 251 774 tionem
273 703 433 774 eiusdem·
459 701 632 773 Ciceronis
665 700 837 771 sententia
860 701 1001 771 meliore
1027 700 1194 773 damnari.

126 827 174 898 De
198 848 254 895 mc
277 835 390 896 autem
420 824 469 895 sio
496 824 625 896 habeto
650 823 817 895 brevitor.
844 822 929 893 Mihi
961 824 1102 915 quidem
1135 846 1197 896 uo·

127 948 217 1019 mina
239 949 391 1017 virorum
413 945 613 1030 iilustrinm,
634 946 663 1017 si
682 945 747 1018 dici
768 946 818 1016 sas
835 955 905 1030 est,
926 945 1067 1018 totidem
1091 969 1197 1040 prope

125 1070 304 1141 numinum
326 1070 401 1140 loco
421 1081 512 1154 sunt,
543 1080 578 1140 et
608 1067 778 1139 tamenin
801 1069 855 1138 his
877 1069 963 1162 ipsis
985 1091 1063 1138 curu
1091 1073 1195 1142 multa

125 1193 305 1274 delectent,
333 1193 462 1261 veritas
489 1192 609 1284 primae
645 1190 854 1263 reuerentiae
886 1213 992 1263 eausa
1021 1203 1088 1278 ost,
1116 1215 1196 1286 quae

128 1315 184 1385 ubi
204 1315 393 1387 cultoribus
414 1315 517 1385 etiam
539 1315 612 1385 suis
629 1317 783 1406 neglecta
801 1315 977 1387 videbitur
996 1317 1086 1409 ¹(quis
1103 1319 1194 1388 enim

125 1438 399 1511 tantusamicus
425 1438 501 1509 veri
535 1449 590 1510 est
621 1439 681 1529 qui
712 1461 782 1509 non
815 1439 987 1511 interdum
1010 1463 1029 1510 a
1050 1439 1196 1511 veritate

124 1562 256 1645 deviet,
276 1561 413 1632 senilia
432 1560 599 1653 segnities
621 1562 674 1646 sit,
694 1582 756 1632 seu
776 1584 889 1632 rerum
911 1562 1114 1647 obscuritas,
1134 1585 1193 1635 scu

124 1685 252 1776 ingenii
275 1682 471 1777 hebetudo),
497 1694 569 1755 tum
590 1686 708 1776 procul
729 1684 836 1755 dubio
856 1707 929 1755 rem
951 1684 1096 1756 solidam
1120 1709 1195 1756 um-

123 1808 195 1879 bris
229 1806 389 1877 inanibus
422 1818 456 1876 et
478 1806 662 1877 veritatem
683 1807 794 1900 ipsam
817 1808 1110 1900 quantorumlibet
1136 1831 1196 1879 uo-

123 1931 253 2001 miuum
272 1930 390 2020 gloriae
407 1940 628 2022 anteponam,
644 1954 708 2001 nec
726 1943 874 2002 metuam
892 1931 958 2002 hoc
976 1954 1052 2001 meo
1070 1931 1196 2002 iudicio

123 2055 181 2123 vel
208 2052 328 2124 hostes
361 2053 418 2122 vcl
450 2052 579 2124 amicos
609 2053 766 2125 veritatis
795 2052 983 2138 offendere,
1005 2053 1100 2144 quod
1120 2053 1195 2124 illos

120 2175 265 2257 oderim,
289 2175 353 2247 hos
373 2186 468 2245 certe
488 2176 597 2246 sciam
621 2197 755 2247 mecum
777 2197 857 2247 esse
882 2196 1064 2258 sensurOS,
1092 2185 1196 2267 atque

121 2299 213 2369 iiiam
245 2320 383 2390 semper
413 2298 562 2392 propriae
591 2299 774 2370 sententiae
801 2302 1017 2393 praelaturos.
1039 2299 1196 2391 Denique

122 2420 172 2488 sic
193 2422 347 2489 animum
369 2418 500 2489 institui
520 2427 557 2488 ut
582 2419 682 2490 ouius
709 2420 889 2492 benedicte
909 2421 1049 2492 laudare
1069 2421 1192 2501 ausim,

121 2540 278 2609 eiusdem
299 2561 438 2611 errores
461 2539 655 2632 improbare
679 2564 744 2612 nou
767 2565 906 2625 verear,
930 2543 1091 2634 quamvis
1112 2542 1193 2612 iilud

121 2663 244 2733 volens
260 2663 402 2745 ¹faciam,
426 2663 491 2733 hoc
512 2662 652 2733 invitus.
675 2664 709 2733 Si
731 2665 822 2735 enim
846 2685 929 2735 vere
947 2665 994 2750 fit,
1011 2678 1194 2756 utrumque

122 2785 347 2878 permissum3
369 2785 521 2879 alioquin
547 2798 601 2857 est
625 2790 770 2859 aiterum
794 2788 989 2875 honestius,
1013 2788 1193 2881 utrobique

121 2929 182 2999 par
201 2908 429 2981 mendacium.
452 2910 535 2980 Vale
557 2909 737 2981 etiterum
758 2911 847 2982 vale.

618 3144 697 3153 ——

498 3333 675 3398 EPISTOLA
697 3333 814 3411 XXXIV.

230 3497 423 3547 FRXNCISCUS
444 3499 611 3548 PETRXRCA
633 3499 809 3549 FRXNCISCO
830 3502 935 3551 BRUNO
958 3503 983 3551 S.
1006 3503 1033 3552 P.
1056 3503 1085 3550 Ι).

411 3648 538 3702 Amicum
549 3648 649 3703 iterum
663 3648 702 3702 illi
716 3651 898 3706 commendat.

220 3879 291 3950 Nisi
312 3876 412 3950 vaide
431 3877 576 3948 fortibus
595 3879 747 3950 humeris
767 3880 830 3961 sis,
850 3888 899 3950 tot
917 3901 1071 3948 mearum
1091 3880 1194 3949 inter·

122 4000 317 4073 cessionum
340 4002 493 4073 sarcinas
516 4005 606 4072 ferre
629 4023 695 4072 non
720 4005 851 4075 valeas.
879 4003 1006 4096 Scripsi
1041 4025 1137 4098 saepe·
1158 4012 1193 4072 et

123 4132 238 4214 repeto
256 4136 368 4197 notam
388 4126 475 4198 adeo
493 4124 548 4196 his
566 4126 600 4196 in
620 4125 704 4198 loeis
722 4126 1031 4198 amicitiaenostrae
1050 4129 1189 4208 samum,
