2670 4688
189 282 248 332 :ttut
529 286 569 333 itii
591 285 692 333 llEssl'S
713 283 944 335 mutuatum

191 450 316 505 icrunt,
331 426 393 496 scd
409 437 604 518 lunipurutn
623 424 792 496 rationem
811 422 936 495 bubui.
958 426 1108 499 Praetar
1127 428 1195 499 bas
1211 428 1286 501 euin

191 551 331 619 ultimas
349 547 530 619 veteribus
545 547 730 639 inscriptas
755 544 956 617 illustribus
980 548 1093 632 viris,
1116 572 1210 643 quas
1224 572 1287 644 pru·

193 681 268 766 pter
288 669 550 741 similitudinem
575 667 741 740 novitatis
762 667 879 738 sciens
906 690 1027 739 unum
1065 671 1178 743 simui
1198 673 1231 742 in
1248 673 1285 742 lo-

193 815 273 863 curn
291 792 429 876 contuli,
444 812 485 861 ac
498 802 626 884 praeter
643 791 797 883 primam,
813 808 895 880 quae
908 787 1055 862 dictata
1075 795 1198 866 serius
1210 813 1284 888 pra·

193 915 290 987 venit
320 916 465 987 comites
508 925 543 983 ct
572 913 685 982 lucum
712 910 928 1004 praeiatiouis
957 911 1140 999 obtinuit,
1175 926 1281 988 caeten

194 1056 284 1128 pene
296 1038 411 1105 omnia
429 1057 499 1126 quo
516 1030 707 1104 inciderant
725 1032 851 1125 scripta
868 1044 953 1103 sunt
971 1035 1125 1107 ordine.
1146 1039 1196 1110 lta
1208 1036 1279 1107 enin

193 1170 229 1229 ut
249 1178 458 1253 progressus
474 1156 538 1226 mei
554 1157 680 1227 seriem
701 1155 742 1248 (si
763 1176 806 1225 ea
822 1155 910 1225 sorte
927 1177 1021 1226 cura
1040 1159 1182 1243 suerii,
1200 1161 1279 1229 vita·

195 1301 264 1371 que
280 1301 421 1351 cursum
442 1280 548 1348 lector
565 1277 743 1368 intelliget.
761 1276 798 1347 lu
816 1274 948 1369 quibus
965 1279 1107 1362 fateor,
1130 1303 1177 1353 ne
1195 1280 1277 1352 senel

194 1402 506 1492 dictampnum,
521 1398 647 1491 bisque
660 1402 717 1470 rel
731 1401 864 1492 saepius
878 1398 971 1469 idem
989 1422 1184 1492 ponerem,
1204 1402 1278 1496 quud

195 1523 361 1615 incipiens
390 1520 617 1615 promiseram
644 1521 855 1615 adplenum
882 1532 1064 1613 praestare
1091 1547 1166 1597 non
1192 1525 1277 1621 potui.

193 1641 291 1711 Volui
306 1641 462 1732 quidem,
482 1642 544 1714 sed
564 1642 748 1714 multitudo
762 1663 876 1714 rerum
890 1638 1047 1726 obstitit,
1064 1645 1277 1736 varietasque

193 1767 278 1856 ipsa,
298 1773 334 1833 et
349 1767 508 1856 occupati
530 1763 668 1836 interim
688 1764 878 1857 intentique
895 1763 974 1833 aliis
1000 1765 1120 1836 animi
1144 1768 1277 1837 violeula

193 1886 383 1957 ‹listractin
411 1886 511 1958 Nunc
534 1887 698 1980 quoniam
725 1897 762 1957 et
785 1886 867 1958 hinc
888 1887 1066 1959 calamum
1090 1892 1205 1961 multa
1227 1887 1278 1959 cir·

194 2018 400 2081 cumsonant
415 2012 572 2111 atque-iu
593 2010 773 2082 diversum
796 2017 932 2091 vocant,
950 2019 988 2080 et
1006 2021 1192 2102 quantum
1212 2011 1278 2081 vita

194 2130 488 2202 restet‘incertum
508 2130 632 2214 habco,
651 2141 686 2201 et
704 2128 759 2200 bic
776 2130 865 2201 liber
877 2130 963 2202 satis
980 2133 1119 2213 creuit,
1143 2156 1210 2205 nec
1225 2131 1277 2202 uisi

193 2252 273 2322 iusti
302 2252 487 2320 voluminis
513 2263 604 2321 ructa
625 2251 897 2333 transcenditur,
912 2251 1067 2343 plurium
1083 2276 1203 2348 capax
1221 2262 1277 2324 est:

192 2393 273 2466 quae
293 2373 399 2445 huius
419 2375 561 2467 quidem
584 2373 724 2465 generis
747 2374 876 2466 scripta
892 2374 960 2443 iam
979 2388 1214 2465 supereraut,
1236 2375 1278 2444 tis

195 2499 319 2570 avulsa
344 2510 445 2570 extra
473 2498 628 2571 ordinent
656 2498 724 2570 alio
747 2494 899 2588 quodam
926 2494 1061 2584 digessi
1098 2498 1277 2570 volumine.

195 2622 283 2705 Quae
311 2622 497 2695 scribenda
524 2636 656 2706 autem,
684 2623 713 2693 si
739 2621 825 2714 quid
850 2619 917 2690 tale
945 2638 1040 2689 nunc
1069 2620 1181 2692 etiarn
1212 2639 1277 2690 sun

197 2750 404 2840 scripturus,
427 2749 473 2818 ab
494 2758 597 2820 etate
619 2750 687 2818 iam
714 2767 838 2818 nomeu
865 2740 1039 2823 habitura,
1069 2765 1204 2815 rursus
1223 2741 1280 2812 aliu

198 2871 337 2940 uenient
365 2869 558 2940 claudenda
589 2868 776 2947 volumine.
808 2862 946 2959 quaudo
971 2873 1008 2932 et
1037 2885 1105 2934 vos
1130 2886 1178 2935 eo
1204 2862 1280 2936 estis

197 2990 321 3067 animo,
339 2987 673 3065 sodales‚ut.1ncurn
697 2988 827 3077 aliquid
847 2987 949 3057 vobis
970 2981 1134 3055 subtrahi
1154 2984 1279 3058 nolitis:

196 3124 232 3183 rt
259 3131 326 3201 ego
359 3108 406 3178 ila
440 3130 517 3178 sum
552 3119 588 3177 ut
616 3117 697 3176 vota
723 3118 843 3177 vestra
871 3128 1009 3201 semper
1039 3104 1280 3200 anteponenda

197 3233 283 3303 runis
317 3230 475 3303 arbitrer.
504 3229 590 3299 illud
621 3228 722 3301 uobis
755 3231 788 3298 iu
824 3230 938 3301 medio
970 3248 1114 3320 precum
1147 3230 1282 3301 fervore

198 3352 448 3446 pittuideudum
471 3361 554 3431 erat.¹
575 3374 618 3421 ne
636 3352 718 3422 dum
735 3352 810 3421 sinc
823 3350 960 3422 delectu
980 3371 1055 3419 mea
1070 3351 1192 3422 omnia
1212 3373 1283 3445 pru-

198 3474 303 3557 bntis‚
329 3472 411 3541 dum
440 3474 484 3543 uil
512 3474 651 3567 punitus
678 3475 759 3545 milii
787 3473 894 3544 vultis
912 3475 1069 3553 eliluere,
1087 3472 1176 3544 dum
1206 3495 1284 3567 qua

197 3593 342 3687 privatis
364 3590 468 3663 relius
490 3596 575 3665 ineis
595 3596 653 3665 uix
678 3595 899 3691 respondent·
909 3594 1071 3666 laudandi
1095 3598 1220 3669 studio
1240 3600 1287 3668 el·

196 3716 291 3785 furtis
319 3715 350 3785 iu
373 3714 559 3808 publicum,
586 3719 715 3791 invitus
743 3722 776 3789 in
804 3719 938 3790 illorum
967 3740 1092 3791 manus
1117 3742 1286 3814 cogerer.

195 3840 252 3929 qiu
275 3839 385 3911 tiliana
405 3842 519 3913 nrituiu
543 3843 798 3915 stomachantes
820 3838 884 3911 sibi
913 3840 1094 3935 plaudunt,
1118 3863 1185 3915 sua
1215 3848 1290 3915 sula

197 3964 388 4053 suspiciunt
412 3988 452 4037 nc
475 3968 657 4047 unirentur,
681 3966 799 4036 latices
822 3964 1054 4034 aestimatione
1077 3961 1289 4038 domestica.

198 4084 326 4158 llurum
345 4114 398 4161 utu
413 4093 548 4163 iudiciis
566 4093 771 4183 impuratum
789 4100 825 4159 et
842 4087 1006 4187 inermem
1022 4082 1187 4163 obiicitis,
1201 4091 1292 4159 atui-
