2670 4688
190 281 248 343 te‘z
523 297 564 343 rin
585 298 687 346 treats
707 296 930 345 rarttmnrnts

192 451 307 507 tantnr
326 438 469 509 assidue
490 462 547 511 res
569 442 744 513 hnmanae.
765 456 800 511 et
826 456 864 512 ut
889 443 1103 533 reliquarum
1132 443 1191 512 sie
1218 466 1285 512 mr-

191 562 401 649 liliteglnria
423 564 640 654 praetcrssnit.
661 567 768 636 aede
792 576 897 656 gente
922 564 956 632 in
983 576 1125 653 gentem
1154 565 1282 636 sedem

193 688 367 755 translert.
386 688 539 779 llcniqne
556 712 623 759 una
640 702 694 759 est
708 690 832 758 borum
844 707 926 779 qnae
938 684 1103 756 videmus
1115 689 1282 761 omnium

192 806 382 887 stabilitas,
404 830 473 880 non
494 822 611 882 stare:
634 834 702 882 nna
724 810 826 892 fides,
850 813 990 881 lallere:
1015 831 1085 879 nna
1113 813 1279 902 requies,

191 931 433 1003 circumvolvi.
454 933 529 1003 Non
551 947 584 1003 le
606 937 706 1023 longe
726 935 847 1004 oculos
867 933 1046 1003 relleclere
1066 930 1194 1015 iubeo,
1217 935 1281 1006 sed

158 1120 164 1133 ,
195 1062 287 1123 tuam
302 1053 463 1146 patriam,
476 1068 573 1125 tuum
589 1071 727 1150 tempus
741 1060 909 1150 aspicere.
919 1058 1199 1130 Adolescentulo
1212 1082 1279 1141 me,

194 1174 363 1256 Britanni,
385 1198 475 1267 quos
497 1178 631 1267 Anglns
661 1179 739 1249 sire
761 1181 925 1269 Anglicos
947 1190 1090 1261 vocant,
1115 1182 1279 1253 omnium

194 1293 419 1369 barbarorum
446 1299 653 1369 timidissimi
685 1299 920 1371 habebantur:
954 1322 1048 1370 nune
1078 1299 1282 1376 bellicosis·

194 1422 280 1491 sima
301 1442 390 1511 gens
412 1424 529 1493 Galles
557 1423 617 1493 (liu
653 1424 774 1495 bellica
803 1424 912 1514 gloria
947 1424 1115 1494 florentes
1151 1426 1281 1498 stravit

195 1556 262 1615 tarn
284 1542 419 1615 crebris
444 1546 701 1639 insperatisqne
731 1547 968 1631 successibus
1002 1558 1042 1617 nt
1072 1549 1134 1638 qni
1175 1551 1280 1623 morlo

195 1667 322 1740 lilibus
342 1669 455 1739 Sentis
477 1671 627 1760 impares
649 1674 800 1751 luerent,
825 1681 952 1764 praeter
977 1669 1222 1743 miserabilem
1245 1684 1279 1744 et

194 1793 373 1883 indignum
395 1792 521 1863 summi
544 1794 638 1883 regis
658 1815 792 1877 casum,
814 1815 919 1885 quem
938 1791 1014 1862 sine
1035 1793 1281 1885 suspiriome-

193 1916 338 1987 minisse
359 1936 428 1987 non
451 1936 606 2010 possum,
630 1915 681 1987 sie
703 1938 851 2006 regnum
872 1936 977 1986 omne
1002 1913 1084 2005 igne
1110 1916 1281 2012 lerrnqne

194 2037 435 2119 contriverint,
459 2048 496 2110 nt
514 2036 595 2105 mihi
618 2060 731 2129 nuper
751 2039 829 2108 illae
850 2038 915 2109 iter
930 2059 977 2108 er
998 2036 1141 2124 negotio
1158 2039 1280 2129 agenti

140 2214 142 2217 .
196 2159 475 2253 vix-persuaderi
495 2171 614 2252 posset
631 2182 775 2251 regnum
794 2159 879 2230 illud
891 2181 973 2229 esse
990 2155 1084 2249 quod
1100 2157 1280 2231 viderem.

194 2286 251 2355 Sic
275 2282 404 2375 ubique
429 2281 579 2354 solitudo
605 2282 723 2352 infelix
748 2294 783 2353 et
808 2304 937 2353 maeror
961 2292 998 2350 et
1022 2280 1203 2363 vastitas;
1230 2282 1282 2354 sie

196 2406 325 2499 ubique
347 2405 485 2478 barrida
506 2416 542 2475 ct
561 2405 688 2477 inculta
709 2427 809 2487 arva,
832 2406 883 2475 sie
901 2403 1028 2473 dirutae
1048 2400 1283 2498 desertaeqne

194 2531 338 2617 tlemus,
360 2532 426 2603 nisi
447 2551 528 2624 quae
547 2530 671 2603 cinctae
692 2530 823 2602 areium
846 2526 1021 2599 moenibus
1045 2535 1106 2595 aut
1133 2524 1281 2599 urbium

194 2653 408 2736 evasissent3
429 2656 479 2727 sie
502 2654 642 2725 dcmurn
668 2656 750 2726 locis
778 2651 941 2723 omnibus
969 2649 1164 2735 Anglornm
1189 2669 1283 2721 mm·

197 2790 249 2849 sta
273 2778 422 2867 vestigia
448 2787 485 2847 et
511 2790 666 2847 recentes
689 2775 861 2863 toedaeque
880 2770 1060 2841 cicatrices
1077 2767 1281 2858 gladiorum

196 2898 371 2974 extabant.
407 2896 498 2979 Quid
531 2897 591 2967 tibi
629 2899 710 2967 vis?
747 2898 825 2986 lpsa
851 2893 1011 2964 Pariseos
1042 2891 1141 2978 regni
1169 2904 1283 2985 caput

198 3046 310 3119 usque
327 3019 394 3091 sub
414 3021 525 3112 ipsum
548 3032 657 3111 portae
682 3021 786 3089 limen
813 3016 1005 3087 deformata
1031 3014 1142 3085 ruinis
1169 3025 1208 3085 et
1229 3017 1284 3085 in·

197 3146 328 3224 tendiis
352 3152 514 3223 tremere,
537 3152 783 3233 extremosque
808 3161 912 3210 casus
939 3139 1168 3217 horrescere;
1193 3135 1283 3229 quin

198 3290 233 3349 rt
248 3277 328 3370 ipse,
344 3270 401 3363 qui
418 3280 535 3339 muros
558 3263 776 3334 interlabitur
791 3265 962 3354 Sequana,
985 3283 1051 3330 non
1073 3260 1148 3328 sine
1170 3280 1283 3331 sensu

199 3398 348 3494 quolam
369 3391 470 3485 quasi
492 3388 643 3458 miseriae
662 3408 737 3458 suae
763 3386 858 3457 urbis
885 3398 1051 3456 eventum
1077 3384 1159 3452 llere
1193 3382 1284 3453 milti

201 3522 373 3615 simulque
392 3525 546 3587 metuere
566 3511 665 3579 risus
682 3519 747 3579 est.
770 3510 859 3579 Ecce
882 3510 1006 3578 itcrtnn
1029 3509 1062 3575 ln
1083 3504 1160 3575 (lies
1179 3505 1285 3595 igno-

203 3648 281 3719 bilis
307 3645 362 3715 ille
388 3649 518 3712 tractus
547 3633 671 3728 lllyrici
703 3633 831 3703 sensim
865 3644 970 3725 caput
1002 3629 1137 3711 extulit,
1158 3639 1193 3694 ct.
1219 3628 1286 3698 din

204 3771 323 3843 bellaci
354 3761 547 3837 Germaniae
586 3759 661 3827 vult
698 3756 840 3848 aequari.
881 3758 1000 3827 Nonne
1042 3751 1144 3822 rides
1184 3752 1287 3840 quod

204 3918 303 3965 twtnn
329 3909 481 3983 tttlnnntn
506 3883 713 3963 divinasset,
742 3890 779 3949 nl
805 3881 947 3971 fugaces
974 3875 1081 3944 Histri
1108 3871 1285 3962 sagittarii

205 4032 279 4100 fast
300 4026 453 4087 tntttnnt
475 4028 579 4082 unum
602 4016 706 4096 atque
723 4003 870 4071 alterum
891 4015 1105 4076 successum,
1127 4015 1194 4064 non
1211 4004 1287 4067 tarn

206 4156 331 4213 tntntr
351 4148 486 4231 tnrtttttt
509 4155 571 4205 sun
591 4150 694 4224 qnam
716 4123 906 4197 diffidentia
930 4116 1010 4189 lenti
1040 4117 1150 4186 bostis
1183 4114 1287 4206 inge-
