2670 4688
187 288 248 349 Μ
526 298 567 345 un
589 296 691 344 nntius
712 296 936 343 statuminum·

188 445 349 521 tremula,
386 452 517 510 nutans
548 460 628 531 spe,
663 439 764 508 vanis
793 441 893 509 etusa
922 436 1077 528 gaudiis,
1112 437 1216 507 veris
1247 448 1283 506 et

186 584 356 660 oppressa
388 560 599 633 moeruribus
623 573 660 632 et
684 563 799 652 gelata
825 559 1017 631 terroribus
1039 570 1077 631 et
1101 559 1283 651 eupidita-

187 689 281 759 tibus
299 685 542 763 inardescens.
560 704 739 775 quamque
758 704 863 753 nemu
882 694 938 753 est
956 703 1079 752 eorum
1100 703 1185 752 uum
1208 704 1281 775 quo

187 820 316 880 statum
350 828 466 878 meum
501 807 580 876 uitis
613 804 872 876 conditionibus
894 816 1132 897 permutatum
1159 805 1279 876 veiim.

187 933 283 1003 Lioet
301 931 396 1001 enim
418 929 506 998 inter
526 949 613 998 vasa
630 948 738 997 aurea
755 929 921 996 miserum
938 948 1031 1007 esse,
1049 926 1144 997 inter
1160 924 1281 998 fictitia

186 1055 337 1133 tenuem,
371 1074 488 1144 neque
519 1048 565 1120 ad
598 1050 687 1121 bene
718 1049 912 1120 viventium
945 1058 1007 1121 aut
1038 1051 1166 1141 argitis
1190 1070 1281 1121 auro

187 1177 326 1259 meiiur,
359 1184 422 1246 aut
453 1176 577 1245 Samos
604 1183 660 1242 est
688 1173 830 1244 interior
852 1194 961 1265 quam
993 1170 1200 1243 Corinthus.
1227 1173 1278 1243 Tu

187 1301 282 1381 vate,
304 1298 392 1370 etsi
412 1296 527 1368 hunus
548 1318 631 1368 esse
652 1295 721 1378 vis,
740 1295 846 1365 stude
871 1293 939 1365 iiiia
964 1314 1048 1364 esse
1073 1293 1276 1376 dissimilis,

189 1442 256 1493 neu
277 1432 311 1494 te
328 1422 489 1512 contagia
511 1442 645 1492 morum
666 1416 794 1490 iaedant
813 1439 912 1488 cave.

691 1629 767 1637 ——a

583 1817 761 1881 Ettstott
788 1814 881 1880 Xi'ili.

295 2012 489 2067 FRANCISCCS
509 2012 680 2061 Pttttttttcs
701 2012 840 2061 xtcotto
861 2012 1031 2063 tcctttttto
1051 2012 1169 2065 UAGNO

430 2107 527 2157 ttttust
548 2108 650 2157 Slssffl
672 2107 876 2157 stts'tscttco
898 2111 925 2159 S.
946 2111 975 2158 t‘.
995 2110 1027 2158 lt.
1149 2180 1158 2191 ι

186 2265 303 2335 Innuet,
317 2272 410 2337 grates
424 2267 490 2335 agit,
506 2267 683 2321 commendat
697 2267 830 2334 amicum,
846 2274 874 2321 et
888 2267 1013 2338 loquitur
1024 2265 1062 2321 de
1079 2272 1177 2322 mette
1191 2270 1275 2339 mgis.

285 2513 333 2583 Te
351 2514 505 2605 quidem,
521 2514 577 2584 vir
590 2517 683 2587 umni
700 2524 805 2587 atate
822 2513 1010 2596 rarissime,
1023 2524 1146 2584 nostra
1162 2516 1277 2596 uutue,

187 2644 296 2707 tetum
318 2637 409 2707 uiuis
428 2640 557 2711 animae
573 2637 849 2709 venerabundus
869 2639 1072 2730 ampteutur‚
1090 2636 1278 2728 possiden

186 2778 258 2851 que
275 2756 439 2842 civiliter,
462 2760 617 2832 thesauri
642 2761 754 2831 instar
778 2759 923 2838 inventi,
957 2778 1021 2826 seu
1048 2765 1085 2827 tu
1113 2778 1277 2850 praesens

187 2900 325 2952 saerum
345 2902 387 2951 us
407 2883 492 2952 vivo
517 2884 634 2976 aperis
667 2882 831 2962 sermoni,
854 2902 918 2950 seu
940 2892 974 2950 tu
996 2879 1126 2951 absens
1152 2884 1274 2955 stiium

187 3024 333 3075 aureum
367 3005 553 3095 scripturas
585 3007 740 3098 applicas
762 3003 947 3083 metlissuae,
975 3016 1010 3073 et
1036 3025 1181 3075 rursum
1209 3026 1274 3076 seu

187 3126 339 3221 idipsum
360 3126 553 3198 militariter
572 3138 608 3196 et
625 3126 761 3218 vulgari
779 3147 886 3209 more,
905 3148 968 3197 seu
984 3125 1137 3197 oratorie
1153 3126 1275 3199 verbis

187 3259 293 3341 atque
314 3250 494 3322 sententiis
514 3248 718 3342 exquisitis,
739 3248 833 3340 quud
855 3272 947 3321 nuno
966 3248 1071 3320 altius
1095 3250 1276 3343 multoque

186 3370 357 3457 divinius,
379 3395 482 3464 quam
504 3372 594 3444 inter
614 3393 789 3444 armorum
812 3372 993 3464 strepitum
1016 3392 1121 3463 posse
1144 3381 1180 3444 te
1199 3394 1276 3444 ute-

186 3496 322 3577 derem,
351 3496 471 3566 iecisti.
498 3496 585 3567 Attis
612 3495 690 3567 ticet
715 3507 821 3587 utque
853 3495 930 3565 aliis
962 3494 1048 3563 rivis
1080 3503 1116 3563 et
1146 3514 1276 3588 sapore

189 3618 288 3689 varin
313 3623 441 3691 iontem
477 3642 582 3690 unum
618 3619 666 3690 tui
699 3617 856 3689 eoeiestis
882 3616 1009 3709 ingenii
1041 3636 1273 3707 recognosco,

187 3741 365 3835 mirorque
381 3766 517 3816 mecum
535 3745 693 3837 cogitans
712 3742 798 3834 quid
820 3741 876 3810 hic
895 3753 1000 3822 esset,
1024 3739 1053 3810 si
1068 3739 1121 3808 his
1137 3750 1275 3811 tantum

188 3864 314 3936 studiis
335 3867 488 3939 animum
511 3867 728 3950 innutrisset,
751 3862 809 3958 qui
829 3884 876 3933 ex
898 3863 1049 3932 minimis
1076 3872 1275 3955 temporum

187 3986 343 4080 reliquiis
372 4004 491 4065 tantus
528 3995 588 4077 sit,
625 4011 714 4085 quas
755 3983 985 4057 maximarum
1025 4006 1140 4055 rerum
1177 3983 1275 4055 curis

189 4113 338 4203 sparsim
356 4118 546 4211 furtimque
563 4113 768 4210 subripiens,
788 4108 858 4179 huc
873 4105 1066 4187 convertit3
1086 4117 1124 4176 ut
1142 4107 1274 4179 maiora
