2834 5086
362 316 529 367 rnauctscr
550 316 728 367 ceraunon
749 314 997 367 assumserunt.
1159 303 1213 366 5ll

145 510 147 514 -
241 464 397 535 Transeo
426 464 472 536 ad
501 463 765 556 dispositionem
794 461 939 534 aliarum
964 482 1093 532 rerum.
1125 463 1220 534 Prae-

141 585 233 657 dicto
254 586 360 679 igitur
381 583 565 678 magnifico
583 584 724 656 domino
745 598 823 654 m'eo
843 583 1018 665 Paduam,
1041 583 1123 685 quia
1144 584 1219 676 ipse

140 731 203 801 per
225 709 283 780 Dei
305 709 452 802 gratiam
475 731 543 780 non
564 717 658 800 eget,
682 718 719 779 et
737 728 804 798 ego
829 707 913 778 nibil
941 705 1054 778 habeo
1073 702 1218 796 dignum

142 853 193 913 se,
216 830 350 901 dimitto
373 831 522 902 tabulam
545 850 658 901 meam
679 829 755 901 sive
772 829 907 901 iconam
927 830 1046 901 Baetae
1064 827 1219 919 Virginis

140 951 260 1023 Mariae
281 973 369 1046 opus
389 953 466 1024 lotti
486 952 628 1047 pictoris
653 952 803 1044 egregii,
829 973 910 1045 quae
939 952 1021 1023 mibi
1042 950 1087 1021 ab
1108 951 1220 1023 amico

140 1093 219 1141 meo
250 1073 419 1145 Michaele
444 1074 586 1144 Vanuis·
604 1071 650 1145 de
679 1073 851 1146 Florentia
887 1073 992 1142 missa
1022 1081 1089 1154 est,
1117 1070 1218 1141 cuius

141 1193 431 1286 pulchritudinem
470 1194 672 1287 ignorantes
706 1217 775 1266 non
809 1195 1025 1286 intelligunt,
1060 1192 1217 1283 magistri

140 1323 256 1385 autern
281 1316 367 1385 artis
393 1325 543 1408 stupent.
573 1318 666 1386 lianc
691 1317 826 1388 iconam
854 1316 923 1410 ipsi
947 1313 1131 1406 magnifico
1156 1314 1218 1386 do·

140 1438 233 1508 mino
255 1438 345 1530 lego,
368 1438 502 1530 ut-brsa
522 1437 629 1529 Virgo
649 1437 837 1510 Benedicta
857 1438 904 1509 sit
920 1435 987 1508 sibi
1008 1432 1156 1530 propitia
1173 1434 1219 1508 ad

140 1557 245 1632 filium
268 1582 371 1633 suum
392 1562 505 1632 lesum
526 1560 713 1632 Christum.

237 1666 366 1754 Amicis
380 1682 524 1753 minoris
542 1691 666 1768 status,
682 1684 746 1755 sed
758 1682 950 1755 carissimis
962 1680 1056 1764 mibi,
1071 1680 1219 1751 libenter

139 1826 265 1896 magna
290 1804 515 1888 dimitterem,
539 1804 569 1875 si
596 1804 742 1877 facultas
766 1816 863 1878 esset
889 1803 1051 1875 uberior:
1080 1802 1143 1874 sed
1167 1805 1218 1873 al-

136 1930 262 1999 lectum
283 1925 450 1998 libabunt.

234 2038 401 2135 Magistro
433 2046 567 2115 Donato
599 2044 644 2116 de
676 2046 796 2126 Prato,
833 2043 945 2115 veteri
977 2042 1217 2134 grammaticae

136 2166 352 2260 praeceptori,
374 2189 464 2238 nunc
486 2166 645 2238 Venetiis·
660 2166 845 2251 habitanti,
861 2165 890 2236 si
910 2165 997 2258 quid
1014 2162 1098 2236 mibi
1112 2163 1218 2236 debet

135 2308 183 2359 ex
207 2301 345 2373 mutuo,
372 2288 468 2380 quod
498 2299 666 2380 quantum
694 2290 740 2360 sit
765 2289 897 2372 nescio,
926 2286 990 2359 sed
1011 2286 1131 2380 utique
1157 2308 1218 2380 pa·

136 2430 213 2478 rum
234 2420 306 2491 est,
330 2409 467 2479 remitto
487 2411 648 2500 eblego:
675 2432 739 2480 nec
765 2409 953 2501 volcquod
979 2408 1111 2479 baeredi
1138 2428 1218 2479 mco

136 2528 182 2600 ob
202 2528 291 2599 banc
311 2549 455 2599 causam
478 2528 523 2600 ad
543 2528 674 2621 aliquid
696 2539 865 2601 teneatur.

235 2651 285 2720 De
303 2650 405 2742 equis
427 2650 523 2733 mele,
547 2651 687 2743 siquos
708 2648 863 2721 habuero
884 2650 919 2719 ia
942 2656 1095 2741 tempore
1124 2657 1217 2720 tran-

137 2772 226 2841 situs
259 2772 328 2842 mei
359 2772 421 2864 qui
446 2773 604 2866 placeant
636 2771 846 2842 Bonzanello
878 2769 923 2841 de
955 2769 1147 2861 Vigoncia,
1181 2781 1217 2843 et

136 2892 335 2965 Lombardo
367 2916 388 2965 a
421 2893 540 2965 Serico
572 2893 776 2966 concivibus
800 2893 982 2977 Paduanis,
1011 2896 1093 2964 volo
1120 2893 1216 2986 quod

137 3015 306 3089 intereos
324 3017 514 3088 sortiantur
529 3017 590 3110 qui
609 3017 757 3111 primum
773 3019 894 3107 elegat,
911 3014 991 3107 quis
1009 3015 1213 3087 secundum.

235 3137 279 3208 Et
299 3149 426 3233 praeter
439 3140 513 3222 boc,
528 3139 620 3211 dicto
633 3139 839 3221 Lombardo‚
858 3138 919 3231 qui
938 3160 1055 3217 rerum
1071 3128 1214 3208 suarum

138 3278 260 3329 curam
280 3258 444 3351 deposuit
465 3246 572 3331 utres
591 3281 687 3333 meas
707 3273 836 3352 ageret,
856 3259 1046 3352 obligatum
1066 3281 1121 3330 me
1133 3279 1215 3330 con·
1246 3301 1251 3312 ·

138 3377 239 3452 liteor
262 3379 296 3450 in
318 3381 498 3452 CXXXIV.
525 3383 662 3454 ducatis
688 3381 763 3454 auri
796 3393 832 3454 et
858 3381 978 3455 solidis
1005 3382 1092 3451 XVl.
1123 3400 1213 3474 quos

137 3502 306 3597 expendit
331 3503 365 3572 in
392 3503 597 3577 utilitatibus
632 3505 733 3588 meis
764 3516 799 3576 et
830 3507 939 3576 multo
959 3505 1119 3596 amplius.
1146 3504 1214 3577 Sed

137 3626 227 3696 lacta
248 3623 367 3696 ultima
384 3625 473 3697 inter
487 3648 551 3699 nos
572 3616 717 3710 ratione,
739 3628 844 3700 dictae
863 3626 1066 3720 quantitatis
1080 3624 1215 3698 debitor

139 3749 307 3839 remansi,
334 3769 438 3840 quam
466 3750 495 3820 si
521 3760 601 3822 ante
626 3753 807 3845 acceperit,
835 3752 925 3823 sicut
952 3773 1055 3846 spero
1077 3752 1146 3823 cito
1164 3753 1215 3823 ia·

138 3888 234 3955 cere,
256 3869 344 3941 bene
363 3871 441 3942 erit.
462 3869 624 3964 Alioquin
645 3874 725 3944 volo
751 3874 844 3967 quod
870 3873 985 3947 baeres
1005 3866 1107 3946 metis
1134 3887 1214 3947 ante

138 3990 253 4062 omnia
273 3991 338 4063 sibi
356 3994 560 4065 satisfacere
585 4002 766 4077 teneatur3
793 3996 837 4067 de
861 4019 932 4090 quo
954 3995 1075 4068 debito
1100 3997 1215 4071 cbiross

139 4112 311 4203 grapbum
332 4138 447 4190 meum
469 4115 587 4205 babet,
604 4116 700 4211 quod
720 4119 881 4192 restituat
893 4119 1026 4214 haeredi
1045 4130 1125 4193 tneo
1138 4121 1213 4215 ipse
