2670 4688
370 321 461 368 innon
483 316 657 367 vicsstuus.
671 335 705 344 -
720 315 870 364 urtsroun
894 319 921 363 v.
1141 302 1180 361 ⁴23

527 536 704 601 aristote
725 538 757 599 ll.

179 707 372 756 irrinnotscus
394 702 561 752 aurianum
584 701 732 750 sancino
754 701 952 750 scemorensi
974 702 999 750 s.
1023 703 1049 750 r.
1073 704 1102 749 n.

121 854 161 908 Nc
176 853 259 908 nimis
274 851 366 904 faciles
381 847 503 919 prebeat
518 862 599 901 aures
613 847 646 900 iis
662 847 710 917 qui
724 847 784 901 eius
799 846 911 901 nomine
925 845 1028 916 aliquid
1044 851 1151 917 petunt.

197 1078 380 1167 Nunquam
408 1073 525 1143 hercle
550 1070 596 1141 ad
622 1093 677 1142 me
704 1072 827 1142 litterae
860 1070 1068 1162 perveniunt
1094 1077 1178 1152 tuae,

100 1201 184 1292 quin
211 1200 266 1268 vel
292 1194 419 1287 gaudio
442 1196 621 1265 cumulum
650 1196 776 1277 lerant,
807 1195 864 1262 vel
895 1195 1048 1263 solamen
1073 1191 1179 1261 curis.

102 1322 140 1393 ld
161 1341 239 1391 com
262 1339 413 1413 semper,
437 1329 509 1388 tum
532 1316 633 1386 solito
662 1315 794 1405 largius
815 1335 907 1385 nuno
926 1316 1054 1398 fecere,
1082 1314 1181 1384 lami-

100 1443 204 1513 liares
237 1439 426 1512 amantium
452 1439 607 1510 omnium
636 1448 764 1508 metum
798 1448 903 1527 atque
929 1436 1178 1530 suspicionem,

101 1564 228 1658 quibus
249 1562 405 1635 absemm
427 1563 638 1651 longumque
657 1557 831 1628 silentium
853 1559 949 1628 vires
968 1556 1110 1639 dabant,
1134 1578 1180 1627 ex

100 1688 215 1759 animo
236 1685 467 1757 secludentes.
487 1683 642 1753 Accessit
662 1681 708 1753 ad
728 1681 889 1772 gratiam,
908 1681 1099 1772 quodcum
1121 1690 1181 1750 tuo

102 1810 204 1879 simul
226 1808 317 1877 illius
337 1805 469 1896 egregii
490 1814 526 1874 et
545 1802 802 1895 exoptatissimi
827 1802 893 1872 viri
920 1824 1046 1872 nomeu
1068 1803 1180 1894 prole-

104 1930 236 2010 rebant,
270 1948 339 2020 quo
371 1927 524 1999 delector
553 1927 664 2010 unice,
698 1924 845 1998 et'mira
874 1924 1085 2017 nescioquo
1111 1944 1179 1993 non
1257 1964 1261 1972 ·

103 2052 170 2123 visi
195 2049 345 2123 hominis
369 2048 542 2122 suavitate
566 2048 709 2133 reficior,
733 2051 797 2119 nisi
819 2049 901 2142 quia
930 2058 963 2118 te
983 2046 1120 2129 videnS,
1145 2057 1182 2118 ut

102 2196 265 2266 auguror,
294 2174 387 2243 illum
415 2171 501 2243 vidi:
529 2173 580 2244 sio
606 2195 703 2243 amor
729 2195 749 2240 c
780 2171 919 2242 duobus
953 2180 1057 2241 ununi
1091 2168 1179 2241 lacit.

103 2299 282 2366 Eleorum
305 2315 404 2375 sane,
424 2314 513 2384 quos
533 2316 625 2364 anno
645 2296 754 2363 altero
776 2291 841 2363 sub
862 2291 1005 2363 obtentu
1025 2313 1112 2363 meae
1132 2294 1181 2362 la-

104 2416 308 2485 nriliaritatis
336 2412 393 2481 tibi
421 2413 622 2507 obrepsisse
642 2416 857 2497 memorasti,
881 2417 1042 2497 alterum,
1070 2417 1182 2485 Bono·

103 2535 261 2603 niensem
301 2534 396 2600 illum
435 2533 580 2615 scilicet,
617 2537 715 2625 plane
745 2557 882 2616 noram,
920 2539 1066 2605 alterum
1098 2557 1182 2605 vero

105 2653 368 2744 Transalpiuum
390 2651 541 2724 minime.
564 2653 694 2736 Quaeso
713 2664 751 2724 ut
771 2655 935 2745 deinceps
957 2655 1007 2725 sis
1033 2657 1180 2743 cautior,

105 2796 172 2846 neu
198 2775 328 2869 passim
357 2774 505 2867 singulis
531 2776 564 2845 iu
591 2797 651 2846 ore
677 2797 793 2846 meum
821 2798 947 2849 nomen
974 2778 1181 2850 habentibus

104 2899 265 2992 pecunias
287 2896 456 2989 largiaris.
480 2898 563 2969 Tam
585 2900 653 2969 late
672 2899 763 2969 enirn
785 2911 904 2972 nostra
931 2903 1081 2974 amicitia
1102 2915 1182 2975 nota

102 3032 171 3106 est,
205 3021 300 3113 quod
338 3022 366 3092 si
400 3020 577 3092 blanditiis
607 3020 848 3094 huiuscemodi
885 3023 1062 3097 bominum
1088 3027 1179 3095 viam

103 3143 250 3236 aperias,
285 3155 398 3214 actum
434 3153 508 3213 cst:
546 3145 703 3215 ellenon
741 3143 845 3216 modo
883 3168 1082 3218 crumenam
1121 3146 1181 3215 tibi

102 3263 324 3346 exhaurient,
364 3266 427 3337 sed
463 3270 628 3350 arculam,
656 3265 720 3337 sed
742 3266 897 3338 domum.
932 3269 990 3339 llle
1021 3265 1179 3359 quidem,

104 3387 188 3456 milii
207 3408 311 3479 quem
333 3397 452 3458 uotum
470 3388 559 3472 dixi,
579 3390 609 3460 si
626 3390 672 3461 ad
689 3411 753 3461 nos
771 3389 943 3472 rediisset,
963 3387 1181 3462 hauddubie

104 3510 222 3580 moltis
236 3508 279 3579 de
295 3520 328 3580 tc
343 3511 541 3602 votivisque
559 3512 755 3584 rumoribus
770 3537 834 3585 nos
848 3513 1040 3605 implesset:
1056 3534 1179 3583 verum

105 3635 134 3705 is
154 3632 284 3724 absens
308 3635 375 3725 (ue
395 3630 460 3702 sibi
487 3655 708 3717 succenseas,
730 3636 814 3727 quin
835 3633 949 3727 potius
975 3635 1179 3728 misereare)

104 3755 243 3847 inopino
269 3774 413 3848 prorsus
443 3763 478 3823 et
502 3755 628 3827 misero
650 3755 719 3826 line
739 3764 942 3849 praeventus
968 3754 1059 3826 diem
1085 3756 1178 3828 obiit.

103 3877 250 3949 Proinde
272 3899 376 3947 mauu
396 3877 473 3948 eius
494 3877 539 3947 ad
566 3886 598 3948 le
617 3878 819 3949 Parthenias
846 3898 961 3962 meus,
989 3900 1094 3970 quem
1121 3902 1181 3972 pe·

104 4002 222 4083 tieras,
245 4002 448 4094 pervenisse
468 3999 590 4072 debuit
606 4000 660 4070 his
680 3999 765 4092 ipsis
783 4001 900 4092 digitis
916 4012 1098 4086 exaratus,
1117 4024 1181 4074 nec

104 4144 172 4194 non
186 4137 218 4195 ot
233 4146 372 4196 carmen
391 4124 509 4209 breve,
524 4123 621 4216 quod
637 4124 726 4196 inter
742 4126 906 4216 epistolas
923 4124 982 4196 tibi
997 4119 1180 4219 inscriptas
