2670 4688
1121 66 1142 99 ἢ

354 272 860 367 crnunncusruns.-an1sronl
883 301 948 349 xnr.
1150 287 1187 348 tl

110 464 301 517 caesaream
318 441 425 513 animi
436 439 709 530 magnitudinem
720 412 1191 511 lulinsCaesardicimcruis-

110 576 163 640 set
184 589 204 639 a
226 566 341 648 nobis
360 587 444 636 vera
461 573 576 634 lamen
596 562 719 655 patriae
731 561 859 653 pietate
872 562 1038 632 Camillus
1052 573 1191 633 nostro-

109 714 186 762 rum
213 699 406 784 temporum
435 688 510 770 luit,
538 698 598 756 aut
624 685 755 778 Scipio;
783 706 915 778 perque
950 685 1094 756 illustris
1128 683 1191 756 sed

108 813 194 883 heu!
219 813 363 883 nimium
383 811 525 881 caducae
540 808 692 891 familiae,
708 817 870 879 natorum
888 808 965 878 eius
983 807 1092 879 nostri
1106 807 1189 879 dum

107 936 179 1006 Deo
199 934 328 1030 placuit
347 933 681 1014 amantissimorum,
704 930 875 1023 nobisque
902 929 1130 1024 praedulcium
1157 942 1192 1001 et

107 1077 269 1127 carorum
293 1055 495 1147 pignorum,
517 1063 553 1124 et
580 1074 687 1147 super
713 1053 829 1124 omnia
855 1073 915 1145 per
943 1074 1082 1145 semper
1107 1053 1191 1122 mihi

108 1177 225 1260 llendi,
248 1199 385 1269 semper
406 1175 639 1248 memorabilis
666 1173 806 1246 Ascanii
828 1175 936 1246 nostri
958 1198 1105 1269 prorsus
1131 1176 1192 1246 he-

108 1303 239 1371 roicam
273 1321 427 1393 vereque
460 1298 611 1370 nobilem
639 1297 805 1380 animam,
837 1318 918 1390 quae
946 1298 1072 1369 festino
1096 1298 1192 1370 abitu

108 1445 177 1493 non
199 1434 352 1494 nostram
374 1421 489 1504 modo,
513 1422 576 1493 sed
598 1423 718 1493 Romae
739 1419 803 1490 sed
821 1419 928 1491 ltaliae
947 1443 1044 1514 spem
1063 1423 1189 1503 lelellit,

107 1560 143 1617 et
162 1547 282 1617 florem
305 1545 428 1638 priscae
445 1543 576 1615 militiae
597 1547 814 1616 renascentis
836 1544 962 1615 acerba
976 1554 1085 1617 morte
1100 1568 1192 1640 prae-

108 1669 240 1740 secuit:
262 1692 325 1764 per
348 1668 420 1752 hos,
442 1667 600 1761 inquam,
620 1690 683 1761 per
704 1691 775 1751 me,
797 1689 859 1759 per
880 1661 1102 1762 temetipsum
1129 1693 1191 1744 oro

108 1801 142 1862 te
163 1804 200 1862 ut
220 1793 314 1862 hunc
332 1791 536 1883 scrupulum
556 1791 618 1883 qui
639 1813 696 1860 me
724 1791 866 1882 premit,
888 1789 973 1872 urit,
993 1801 1135 1883 torquet
1156 1803 1190 1863 et

108 1914 238 1985 cruciat
256 1911 338 1981 mihi
357 1935 462 2005 quam
482 1913 629 2004 primum
648 1914 797 1994 eximas¹
820 1923 856 1983 et
874 1913 903 1982 si
922 1935 977 1982 me
996 1913 1113 2003 diligis
1132 1926 1192 1984 aut

110 2058 261 2128 unquam
279 2034 447 2119 dilexisti,
468 2034 559 2106 illico
576 2045 766 2127 antequam
785 2033 841 2104 hae
858 2034 1189 2106 litteraeemanibus

108 2160 177 2232 tuis
190 2159 442 2241 abscesserint,
459 2160 638 2231 Socratem
652 2160 766 2251 ipsum
780 2157 948 2231 miraculo
959 2167 1066 2230 tantae
1084 2157 1189 2229 huius

108 2297 177 2355 tuae
205 2283 408 2354 mutationis
437 2283 634 2366 attonitum,
666 2284 815 2352 fortunae
845 2305 938 2352 nuuc
963 2283 1087 2354 iratum
1116 2301 1190 2353 suae

107 2408 163 2475 vel
183 2405 291 2474 adeas
307 2407 365 2472 vel
382 2425 554 2473 accersas.
578 2406 650 2474 Hoc
670 2424 803 2494 precor,
827 2404 892 2475 hoo
904 2406 1003 2476 laoile
1020 2412 1083 2475 est.
1100 2405 1190 2476 Con-

109 2524 226 2592 venite
240 2523 344 2591 modo
356 2521 615 2614 distractusque
628 2525 764 2595 animos
777 2528 965 2616 vultusque
984 2529 1189 2609 contrahite,

110 2663 200 2713 neve
213 2644 438 2721 alterutrum,
453 2644 548 2736 quod
567 2644 671 2715 valde
687 2646 833 2735 amastis
850 2645 1059 2730 horrescite,
1074 2658 1110 2719 et
1123 2649 1190 2721 nisi

109 2790 166 2837 me
191 2769 297 2838 vultis
325 2770 360 2837 in
391 2768 543 2840 lacrimis
575 2790 616 2840 ac
642 2767 761 2839 dolore
790 2789 989 2851 senescere,
1018 2769 1129 2845 redite
1154 2773 1190 2843 in

108 2890 274 2985 idipsum,
296 2913 367 2962 neu
387 2891 524 2961 viscera
547 2914 625 2963 moa
645 2892 792 2964 canibus
812 2893 972 2966 lanianda
989 2893 1189 2990 discerpite.

106 3013 206 3084 Nunc
226 3014 354 3086 videbo
376 3016 405 3084 si
426 3037 483 3085 me
510 3014 644 3106 diligis,
678 3026 715 3086 ut
744 3017 836 3086 lama
864 3027 930 3088 est.
958 3018 992 3087 Si
1019 3018 1192 3112 quidquid

107 3136 202 3207 aliud
225 3139 370 3221 scribes
393 3139 460 3209 nisi
481 3141 609 3210 lactum
627 3160 708 3210 esse
726 3139 822 3231 quod
841 3144 990 3234 postulo,
1006 3163 1111 3211 carus
1129 3140 1190 3211 tibi

107 3259 167 3329 diu
194 3260 282 3329 lalso
310 3280 387 3330 sum
412 3262 585 3333 creditus.¹
607 3263 666 3332 Sin
693 3264 905 3335 convenisse
934 3284 1001 3333 vos
1033 3261 1189 3346 audiam,

108 3382 180 3453 voti
193 3391 309 3453 certus
322 3403 483 3467 evasero,
500 3398 539 3456 ut
555 3407 661 3476 quem
676 3382 737 3455 tibi
755 3385 905 3456 amicum
920 3383 1064 3455 abstulit
1077 3383 1191 3454 aliena

109 3503 272 3596 perfidia,
295 3505 459 3575 restituat
479 3504 567 3577 tides
582 3530 669 3578 mea.
684 3508 804 3577 Nullas
819 3527 1052 3577 susurronum
1066 3526 1190 3590 voceS,

108 3631 223 3699 nullas
251 3629 382 3698 irarum
416 3628 581 3720 reliquias
608 3629 748 3701 timebo.
775 3632 884 3702 lllulta
910 3632 1001 3700 inter
1028 3628 1191 3702 absentes

109 3749 215 3821 audet
241 3749 384 3821 invidiae
407 3772 576 3820 murmur.
599 3753 726 3841 Magna
748 3765 865 3824 autem
892 3754 1082 3824 intermissi
1109 3775 1193 3825 con-

109 3891 256 3959 gressus
270 3872 422 3942 efficacia
435 3880 500 3941 est.
516 3871 611 3941 Hanc
626 3873 734 3942 solam
751 3895 887 3965 precor,
904 3874 970 3945 hoc
984 3898 1092 3946 unum
1106 3898 1191 3967 ago;

109 3992 143 4064 id
173 3995 201 4064 si
227 3996 312 4066 milri
342 3995 563 4089 praestiteris
599 3995 644 4066 dc
676 3996 819 4089 reliquis
845 4018 915 4068 nou
943 3998 1073 4071 laboro.
1101 4000 1192 4084 Quid

112 4124 143 4181 lc
169 4140 274 4200 caere
296 4129 469 4210 oporteat,
498 4133 532 4190 ct
559 4118 768 4212 quidloqui
800 4121 912 4213 pictas
945 4122 1020 4216 ipsa
1054 4133 1088 4192 ct
1123 4120 1221 4194 tanr'
