2670 4688
552 270 704 320 nrrsronn
726 273 807 320 uxrv.
1150 259 1209 321 tua

142 436 219 485 sum
241 435 314 485 rex.
334 413 424 498 Quid
446 417 550 484 relert
570 416 599 483 si
621 413 714 505 apud
734 435 811 484 eum
831 415 929 484 cuius
945 433 1038 496 sum,
1060 429 1210 506 quantu·

142 538 344 630 luscumque
366 536 446 620 sim,
469 537 502 606 in
525 537 634 629 pretio
663 541 765 607 sum‘l
785 536 882 608 Multi
901 537 1070 608 deformes
1092 538 1210 610 eoniu-

141 682 201 751 ges
219 661 397 733 ardentius
410 682 584 733 amavere.
607 661 708 753 Saepe
727 681 796 753 quo
810 661 920 731 minor
938 659 1090 731 liliorum
1113 661 1210 732 indo-

140 785 202 870 les,
222 808 263 855 eo
283 794 465 878 parentum
482 804 580 855 amor
598 784 663 855 fuit
690 783 861 856 intentior.
896 781 1007 875 Scipio
1027 782 1209 854 Africanus

141 929 299 979 summus
313 908 507 992 hominurn,
522 906 628 977 lilium
649 928 760 999 usque
782 904 869 977 adeo
885 904 1091 976 dissimilem
1109 907 1206 998 patri,

140 1043 177 1102 ut
198 1031 307 1101 bostis
338 1054 407 1125 non
438 1017 531 1101 filius
558 1030 746 1112 videretur,
774 1029 959 1123 plusquam
992 1036 1134 1121 paterne
1153 1027 1208 1100 di·

140 1155 269 1225 lexisse
291 1154 447 1226 traditur.
469 1154 610 1234 llirum3
626 1152 688 1222 sed
701 1151 832 1245 aliquid
845 1153 929 1224 latet
944 1151 1038 1243 quod
1055 1174 1206 1224 amorem

139 1279 266 1349 excitet
294 1285 534 1368 amantemque
555 1274 717 1346 solicitet}
740 1277 815 1345 sine
835 1297 941 1346 causa
967 1277 1058 1346 enim
1090 1276 1207 1348 nullus

139 1412 249 1483 amat,
282 1421 493 1492 quamquam
513 1398 589 1471 aliis
610 1421 679 1470 non
700 1411 768 1470 tam
796 1400 912 1491 pronis
943 1398 988 1471 ad
1020 1399 1205 1471 amandum

138 1522 259 1592 eadem
279 1543 384 1593 causa
403 1530 497 1592 tanto
514 1523 625 1614 impar
641 1521 783 1593 forsitan
805 1522 849 1592 sit
868 1523 986 1594 amori.
1009 1522 1109 1595 Certe
1127 1542 1203 1612 ege,

136 1645 218 1715 dum
239 1666 293 1715 me
309 1645 439 1727 metior,
454 1645 537 1737 quid
550 1645 595 1715 de
608 1666 663 1715 me
676 1644 752 1736 ipso
765 1644 929 1729 sentiam,
943 1643 977 1715 in
990 1641 1096 1716 dubio
1114 1665 1202 1716 sum.
1307 1631 1308 1635 ¹

136 1766 259 1838 Fateor
278 1768 384 1850 enim,
408 1768 482 1861 ipse
502 1768 583 1838 mihi
605 1790 675 1839 non
693 1770 825 1860 placeo,
847 1791 911 1841 neo
932 1767 1050 1840 mirari
1071 1766 1204 1839 sufficio

135 1888 287 1978 quidest
308 1890 372 1961 hoc
391 1890 485 1982 quod
498 1890 700 1961 clarissimis
719 1889 803 1962 viris
824 1891 1057 1986 (nequeenim
1079 1912 1204 1964 vereor

136 2031 180 2079 ne
201 2011 342 2083 vanitati
375 2013 476 2084 detur
509 2012 538 2082 si
574 2012 660 2084 hanc
678 2013 763 2085 mihi
784 2033 893 2096 verae,
921 2015 999 2085 linet
1022 2013 1203 2085 immeritae

135 2134 264 2223 gloriae,
279 2147 411 2230 partem
430 2136 553 2225 sumo),
567 2136 780 2222 clarissimis
803 2137 953 2229 inquam,
970 2137 1123 2210 omnium
1142 2138 1201 2230 qui

134 2269 251 2327 nostra
272 2269 371 2330 aetate
392 2261 559 2344 vixerint,
580 2283 697 2331 earum
712 2261 801 2332 feeit.
824 2263 911 2333 Dum
942 2260 1102 2353 equidem
1126 2261 1203 2353 ipse

134 2401 191 2450 res
213 2403 307 2450 meas
326 2382 478 2452 funditus
499 2382 655 2465 excutio,
684 2383 766 2452 nihil
790 2384 942 2466 invenio,
969 2384 1063 2474 quod
1084 2386 1118 2453 in
1148 2406 1202 2454 me

134 2500 232 2570 bonis
253 2503 399 2572 amabile
430 2504 598 2597 suspicer,
633 2516 760 2597 praeter
781 2528 885 2576 unum
917 2506 991 2589 hoc,
1013 2507 1107 2596 quod
1128 2506 1201 2598 ipso

132 2623 235 2692 etiam
267 2624 425 2718 quisquis
460 2626 540 2708 sim,
576 2624 684 2696 bonos
718 2646 857 2719 semper
886 2626 999 2697 amavi
1026 2637 1062 2698 et
1093 2629 1197 2712 colui,

132 2767 340 2840 semperque
359 2747 405 2819 ab
432 2748 486 2818 his
517 2747 624 2818 amari
641 2758 677 2820 et
696 2747 790 2819 volui
811 2759 846 2820 et
862 2748 993 2840 optavi,
1026 2770 1091 2819 nec
1111 2752 1198 2821 ullas

131 2869 215 2939 mibi
237 2870 270 2940 in
287 2871 358 2942 vita
379 2871 528 2942 maiores
549 2870 757 2964 opes'posse
778 2871 975 2961 contingere
995 2883 1092 2944 ratus
1108 2893 1196 2953 sum.

129 3016 232 3086 quam
251 2994 524 3068 benevolentiam
543 2995 730 3079 bonorum,
764 3006 867 3088 atque
895 2996 1078 3069 illustrium
1104 2996 1198 3068 virn-

130 3138 221 3200 rum,
252 3142 400 3210 quorum
433 3141 502 3213 quo
534 3119 646 3190 minor
665 3129 720 3190 est
738 3119 851 3212 copia,
879 3121 988 3191 maior
1010 3129 1065 3190 est
1086 3120 1196 3213 gratia

129 3237 377 3332 optabiliorque
397 3240 588 3311 convictus.
611 3241 678 3311 Sed
699 3240 781 3311 dum
800 3243 913 3333 cogito
936 3252 983 3313 tot
1009 3245 1121 3315 claros
1143 3244 1195 3314 vi-

128 3381 187 3430 ros
208 3361 301 3431 haud
321 3363 420 3432 facile
441 3363 476 3431 in
495 3384 537 3433 eo
558 3363 661 3432 simul
685 3385 805 3434 omnes
824 3387 940 3435 errore
962 3365 1110 3449 versari,
1134 3388 1195 3437 ne·

127 3485 199 3555 scio
219 3485 391 3577 quomodo
411 3485 456 3557 de
476 3509 531 3556 me
553 3485 634 3556 mihi
665 3508 746 3580 spes
773 3487 945 3559 oboritur:
979 3487 1034 3570 ita,
1060 3487 1192 3574 utdixi,

125 3605 253 3678 dubius
274 3608 354 3692 sim,
377 3631 440 3679 nen
461 3608 533 3678 seio
553 3607 636 3701 quid
650 3609 745 3694 mihi,
767 3611 851 3702 quid
868 3611 943 3680 aliis
961 3611 1193 3684 credamllos

125 3731 280 3802 videritis
297 3730 505 3824 quicumque
527 3754 580 3802 me
609 3732 709 3802 vobis
727 3734 925 3816 amandum,
955 3736 1056 3806 nullis
1077 3738 1192 3808 causis

125 3855 369 3948 apparentibus
389 3856 578 3947 delegistis.
600 3857 727 3928 Verum
747 3869 783 3930 ut
803 3880 871 3929 non
888 3859 974 3930 alios
996 3860 1132 3946 sileam,
1146 3858 1190 3931 de

126 3985 157 4047 te
182 3981 302 4071 loquar
325 4001 428 4072 quem
450 4004 470 4050 a
491 3980 656 4072 principio
676 3982 907 4054 crebrioribus
929 3995 965 4054 et
988 3968 1189 4056 clarioribus

123 4098 256 4174 indiciis
277 4116 409 4197 patrem
428 4105 530 4176 sensi.
558 4103 638 4175 Veni
657 4103 885 4189 Mediolanum,
900 4107 1188 4201 inquitdugusti-
