2670 4688
175 269 233 329 tlt
511 280 551 329 nn
571 279 673 329 uenus
695 279 918 330 annuntiamus

582 545 757 610 EPISTULA
780 545 847 608 11111.

329 711 524 765 ealdelmus
546 712 714 761 perardua
736 712 870 761 socedat
891 711 950 761 SUO
971 713 997 761 S.
1020 713 1047 762 P.
1069 713 1100 762 Ι).

219 866 259 921 De
274 865 383 921 duobus
397 865 447 939 qni
462 883 491 921 se
507 867 598 922 risum
614 882 727 935 venere,
743 882 863 938 quorum
883 867 1003 922 alterum
1017 866 1216 938 importunum

471 957 591 1011 alterum
609 956 833 1027 acceptissimum
848 956 953 1012 habuit.

272 1161 448 1257 Applicuit
463 1162 614 1232 Bolanus
633 1169 751 1231 noster
768 1160 812 1231 ad
830 1181 1013 1254 vesperam
1028 1160 1160 1253 ingenti
1183 1162 1261 1255 plu-

145 1363 153 1376 ,
174 1290 232 1360 via
253 1285 316 1357 sed
335 1287 446 1356 multo
471 1286 600 1355 maiore
621 1282 807 1354 verborum
828 1282 936 1374 copia.
959 1282 1051 1366 Quid
1072 1282 1152 1354 vis?
1171 1283 1262 1355 Soli-

174 1409 328 1482 tudinem
350 1409 440 1479 hanc
460 1404 525 1477 leri
545 1406 655 1478 instar
675 1403 804 1477 turbidi
822 1426 887 1476 suo
905 1404 982 1476 lecit
1001 1405 1169 1477 adventu.
1184 1405 1261 1478 Scis

173 1530 259 1625 quid
278 1531 421 1620 loquor:
444 1525 528 1597 nihil
548 1526 689 1597 homine
708 1526 848 1617 quidem
871 1525 928 1596 illc
948 1527 1107 1616 gravius:
1129 1548 1202 1598 non
1219 1548 1262 1599 ea

175 1653 349 1745 gravitate
369 1669 450 1742 quae
472 1648 640 1742 sapientis
665 1660 721 1718 est
744 1649 899 1741 propria,
924 1650 987 1720 sed
1012 1649 1079 1719 alia
1104 1650 1261 1741 quadam

175 1767 373 1869 importuna
394 1795 530 1846 morum
552 1776 698 1845 sarcina.
714 1773 775 1846 Cui
792 1794 879 1844 vero
892 1794 985 1845 nunc
1002 1772 1179 1844 hominem
1199 1773 1263 1846 de-

176 1898 312 1969 scribo?
328 1898 425 1970 Nosti
445 1897 572 1969 omnia.
588 1897 663 1968 Non
676 1907 730 1969 est
744 1895 828 1966 mihi
842 1895 1035 1990 elephantis
1054 1904 1116 1966 aut
1135 1898 1262 1970 cameli

175 2021 334 2092 dorsum:
357 2024 432 2092 sole
454 2023 534 2092 visu
555 2021 672 2092 lessus
690 2019 847 2102 inclinor,
865 2027 902 2088 et
918 2019 1011 2111 quod
1032 2019 1080 2089 ait
1099 2018 1260 2106 Flaccus,

335 2191 460 2255 llimitto
478 2173 631 2256 auriculas
648 2197 682 2252 nt
701 2189 814 2269 iniquae
831 2188 942 2252 mentis
960 2187 1088 2266 asellus,

178 2378 213 2438 et
233 2362 362 2436 sudare
381 2363 505 2458 incipio
518 2363 681 2460 quamvis
695 2367 859 2455 algerem.
875 2363 966 2448 Quid
983 2384 1125 2455 agerem
1142 2387 1266 2459 quove

177 2511 234 2561 me
254 2490 451 2561 verterem?
469 2490 575 2574 Hora,
598 2489 707 2572 locus,
732 2486 853 2573 imber,
876 2485 1055 2559 urbanitas
1074 2485 1266 2561 hormban-

178 2623 248 2696 tur,
277 2635 321 2684 ne
344 2611 441 2685 abire
474 2612 639 2699 sinerem,
668 2633 773 2705 quem
800 2610 1020 2683 abiisseseu
1049 2608 1267 2701 potiusnon

146 2777 154 2785 -
177 2739 320 2807 venisse
341 2736 443 2807 valde
463 2758 638 2828 cuperem.
654 2736 735 2806 Sela
754 2757 818 2826 pro
838 2754 893 2802 me
912 2730 1029 2802 stabat
1047 2728 1267 2804 verecundia

177 2854 353 2947 quaedam,
376 2867 413 2926 ut
429 2857 557 2927 decora
579 2857 613 2924 in
635 2854 762 2937 multis,
786 2853 889 2923 sicin
911 2851 968 2922 illo
980 2863 1189 2924 monstrum.
1202 2853 1268 2924 Ni-

178 2976 244 3046 mis
267 2971 333 3044 sibi
354 2976 538 3046 comitatus
559 2974 759 3060 videbatur,
774 2983 810 3045 et
827 2975 876 3045 sic
895 2987 981 3046 erat:
1001 2988 1036 3048 et
1056 2978 1170 3049 vereri
1191 2998 1266 3051 οω-

178 3109 277 3193 perat
303 3121 347 3169 ne
368 3095 505 3171 turbam
532 3098 707 3192 hospitum
735 3096 878 3167 solitarii
904 3074 1057 3170 hominis
1081 3109 1169 3171 tecta
1191 3121 1265 3172 non

179 3232 352 3315 caperent.
377 3218 556 3291 Peudehat
581 3219 695 3292 adhuc
716 3230 830 3291 tamen
851 3224 958 3293 latum
984 3246 1115 3294 meum:
1141 3225 1267 3317 proxi·

179 3367 246 3418 nrae
265 3345 376 3417 nectis
394 3344 613 3437 pervigilium
630 3367 671 3416 ac
688 3344 829 3437 requies
843 3345 877 3415 in
896 3344 1003 3417 dubie
1024 3355 1138 3417 erant:
1155 3348 1264 3420 unius

178 3471 341 3542 comitum
364 3467 534 3540 modestia
556 3490 611 3538 me
633 3466 779 3539 liberum
802 3467 880 3540 lecit
901 3469 996 3538 illum
1019 3470 1118 3540 facile
1141 3471 1264 3565 hospi-

181 3594 226 3662 tio
248 3594 461 3665 indulturum
487 3590 674 3663 identidem
702 3590 895 3662 vellicantis
922 3593 1165 3684 monentisque
1186 3593 1265 3664 abi-

180 3721 263 3780 tum.
285 3716 385 3796 Quod
408 3715 465 3787 ubi
482 3714 710 3785 animadverti
731 3716 948 3786 instanciam
971 3715 1075 3787 tutius
1094 3726 1129 3786 et
1146 3714 1263 3787 videri

180 3835 269 3901 velle
287 3835 460 3909 liberalior
481 3838 616 3932 incipio,
640 3847 747 3928 utque
767 3860 829 3930 per
855 3851 991 3909 noctem
1020 3849 1158 3911 maneat
1179 3839 1262 3913 hur-

181 3956 255 4025 lari.
278 3955 349 4024 Ohl
366 3972 460 4030 artus
474 3981 659 4052 moresque
675 3959 868 4031 hominnm!
887 3962 994 4030 Orare
1009 3963 1109 4032 cuius
1122 3975 1262 4035 contra-

114 4122 117 4127 ,
181 4077 269 4149 rium
292 4075 364 4148 fieri
394 4084 498 4154 velis!
523 4084 590 4155 Sed
612 4081 662 4153 sic
686 4093 741 4154 cst
768 4105 865 4154 usus.
890 4084 948 4154 lllc
971 4093 1086 4156 autem
1109 4108 1256 4177 negare,
