2670 4688
458 487 647 552 FllllNClSCl
669 488 870 554 PETRARCAE

268 676 352 788 on
405 710 579 790 nunus
633 708 1038 790 inminuamus

330 909 460 980 nrnnn
491 909 725 981 vrcnsrnos
755 908 988 983 snconnos.

557 1580 734 1647 EPISTOLA
756 1582 777 1644 l.

182 1751 375 1802 lunaelacus
398 1750 566 1801 aununtiet
588 1753 778 1802 Pannunpuo
800 1752 998 1802 HALATESTAE
1020 1753 1046 1804 S.
1068 1753 1096 1803 P.
1117 1754 1148 1804 D.

263 1895 365 1949 Utrum
378 1893 506 1966 expediat
520 1911 635 1950 uxorem
651 1895 769 1965 ducere,
784 1911 902 1966 eamque
917 1910 932 1950 a
947 1895 1062 1964 vicinia,

475 1986 519 2040 vel
534 2002 549 2040 e
563 1987 713 2059 longinquo
728 1990 832 2059 petere.

219 2236 273 2306 An
294 2237 406 2327 magis
426 2235 590 2330 expediat
610 2257 758 2308 uxorem
778 2235 906 2308 ducere
923 2255 968 2305 an
987 2232 1092 2306 vitam
1109 2233 1204 2306 caeli-

120 2359 202 2430 bem
223 2378 328 2446 agere
349 2357 514 2425 consulis,
536 2358 689 2426 Gratiam
711 2355 824 2426 habeo
844 2355 938 2449 quod
963 2379 1020 2427 me
1041 2355 1203 2427 idoneum

122 2489 217 2550 tanto
237 2476 384 2563 negocio
404 2478 641 2544 consultorem
659 2475 768 2545 ducis.
790 2477 911 2566 Atqui,
936 2476 966 2546 si
989 2477 1205 2567 experientia

124 2608 234 2668 artem
256 2594 349 2678 lacit,
371 2601 502 2686 quanto
523 2603 560 2664 tu
584 2595 630 2665 de
651 2595 717 2667 hoc
742 2596 870 2665 certius
891 2595 983 2686 loqui
1008 2605 1122 2688 potes,
1144 2596 1206 2686 qui

124 2730 325 2809 utromque,
352 2739 458 2809 quam
483 2738 550 2808 ego
579 2717 639 2810 qui
674 2718 821 2788 alterum
848 2738 926 2788 sum
951 2727 1132 2811 expertus,
1160 2716 1206 2789 de

121 2845 231 2912 altero
251 2862 338 2912 vero
358 2841 414 2911 vel
443 2840 581 2933 scriptis
602 2851 783 2912 auctorum
811 2852 982 2925 veterum,
1008 2841 1067 2911 vel
1086 2839 1205 2913 relatis

120 2964 366 3035 modernorum
384 2963 581 3054 coniugum,
597 2966 654 3035 vel
668 2961 807 3056 proprio
819 2961 969 3056 quodam
984 2973 1080 3035 motu
1097 2962 1204 3034 animi

120 3089 352 3158 coniecturam
373 3087 484 3158 lacio‘l
503 3097 538 3158 et
559 3085 687 3158 idcirco
705 3106 912 3178 responsum
930 3085 1050 3156 distuli
1070 3083 1204 3155 veritus

120 3209 165 3279 de
197 3207 393 3301 quaestione
418 3207 581 3300 ambigua
607 3217 704 3279 tanto
737 3206 804 3279 snb
828 3207 942 3279 iudice
976 3206 1202 3298 respondere.

120 3331 274 3403 Tandem
295 3328 456 3400 omnibus
481 3328 740 3422 circumspectis
761 3329 860 3400 rudis
884 3329 976 3400 malo
996 3348 1101 3421 quam
1121 3346 1204 3397 oon-

119 3465 259 3536 tumax,
293 3452 352 3521 vel
384 3453 435 3522 tui
465 3461 675 3546 tuarumque
712 3475 830 3525 rerum
864 3452 1045 3545 negligens
1078 3448 1202 3519 videri.

121 3577 291 3647 Historias
318 3574 425 3664 igitur
443 3585 479 3645 et
503 3581 709 3684 argumenta
736 3575 895 3671 seposui‚
917 3573 995 3644 libri
1021 3590 1109 3664 opus
1133 3593 1204 3644 non

119 3698 299 3790 epistolae3
318 3717 443 3790 nempe
460 3716 541 3768 cum
563 3696 691 3768 dehoc
711 3698 787 3790 ipso
804 3695 911 3767 libros
933 3693 1074 3787 quidam
1095 3694 1204 3788 scrip-

121 3822 238 3904 serint,
261 3818 405 3890 brevem
428 3842 467 3890 ac
485 3818 614 3891 nudam
638 3817 820 3889 sententiae
842 3839 931 3890 meae
953 3838 1125 3888 summam
1141 3839 1204 3889 au-

119 3943 209 4026 dies,
232 3943 267 4013 in
287 3964 356 4036 qua
383 3941 561 4033 ingenium
584 3938 614 4011 si
640 3942 789 4011 sortasse
810 3937 1016 4032 culpaveris,
1045 3936 1203 4011 laudabis

120 4062 236 4136 fidem.
260 4063 350 4137 Ante
370 4064 485 4137 omnia
506 4063 648 4156 quidem
671 4061 872 4135 meminisse
892 4062 1059 4156 profuerit
1081 4064 1204 4134 Socra-
