2834 5086
360 313 450 359 monn
476 313 1013 369 ucesulcsouanrt's.-erls'rocn
1039 316 1076 361 ιι.
1196 304 1254 365 lili»

175 446 279 523 nisse.
303 454 461 527 Accessit
480 461 516 526 et
535 457 623 527 alter
644 454 789 551 poellcae
805 455 875 526 viae
895 456 992 528 dux:
1015 459 1061 529 ila
1080 461 1173 532 enim
1196 484 1257 531 nc·

174 577 321 647 cessitas
348 576 526 669 poscebat,
561 586 600 649 ut
633 572 729 648 esset
759 587 794 648 et
825 598 930 669 quem
951 580 1130 652 solutis'et
1148 605 1254 675 quem

173 699 328 769 lraeuatis
354 698 539 790 gressibus
559 708 775 793 praeeuntem
797 677 1053 789 sequeremur,
1074 723 1179 794 quem
1206 704 1256 773 lo

172 829 353 911 quentem,
384 841 489 912 quem
519 831 698 892 canentem
729 818 950 903 miraremur,
981 821 1145 912 quoniam
1175 847 1254 896 cum

172 941 262 1014 bona
284 942 386 1013 venia
407 941 598 1025 amborum,
622 951 746 1012 neuter
771 940 816 1012 ad
843 950 1030 1034 utrumque
1056 943 1141 1015 satis
1163 960 1253 1027 erut,

172 1063 228 1134 ille
250 1064 320 1134 tuis
341 1061 557 1156 aequoribus,
580 1062 730 1135 tulllius
756 1064 868 1158 impar
888 1064 1073 1155 angustiis.
1095 1067 1169 1137 Non
1188 1090 1255 1160 ego

171 1186 305 1278 primus
326 1185 392 1257 boc
412 1185 566 1258 dicerem
590 1187 753 1268 sortasse,
773 1187 936 1278 quamvis
954 1189 1057 1279 plane
1071 1188 1252 1260 sentirem:

170 1307 260 1378 dixit
286 1307 351 1379 hoc
377 1319 457 1379 ante
483 1330 554 1391 me,
583 1328 647 1380 seu
681 1306 726 1378 ab
756 1309 833 1378 aliis
864 1308 1029 1403 scriptum
1059 1310 1150 1380 dixit
1181 1332 1255 1381 ma-
1315 1372 1317 1376 Α

170 1450 262 1519 gnus
280 1430 422 1524 quidem
445 1429 500 1500 vir
518 1430 673 1501 Annaeus
692 1431 823 1501 Seneca
846 1429 1178 1514 Cordubensis-cui
1206 1441 1250 1515 lc,

172 1560 209 1622 ut
229 1550 319 1623 idem
347 1553 421 1642 ipse
447 1551 687 1645 conqueritur,
714 1574 784 1624 non
810 1563 897 1624 aetas
924 1552 1063 1645 quidem
1091 1552 1156 1624 sed
1180 1551 1253 1624 bel-

170 1675 281 1745 lorum
306 1673 460 1745 civilium
498 1677 594 1747 furor
623 1675 760 1768 eripuit.
799 1674 928 1747 Videre
960 1683 994 1746 le
1028 1675 1153 1768 potuit,
1188 1676 1253 1747 sed

169 1817 236 1867 uon
263 1795 365 1879 vidit,
394 1817 544 1887 magnus
572 1809 687 1869 tamen
708 1818 852 1890 operum
876 1807 1014 1868 tuorum
1036 1807 1140 1890 atque
1160 1799 1252 1870 illios
1320 1840 1323 1846 ι

169 1920 315 1991 alterius
339 1919 507 1990 laudator.
528 1920 632 2013 Apud
663 1920 756 1992 hunc
787 1941 872 2011 ergo
890 1902 1054 2012 'quisque
1082 1920 1156 1990 suis
1181 1923 1252 1991 elo-

169 2041 323 2133 quentiae
354 2039 483 2114 tinibus
519 2042 805 2134 circumscriptus
842 2042 988 2132 collegae
1026 2061 1090 2111 suo
1127 2040 1252 2112 cedere

169 2163 308 2236 iubetur
334 2165 368 2235 in
395 2165 549 2258 reliquis.
577 2166 709 2236 Verum
742 2161 986 2256 expectatione
1019 2171 1052 2233 te
1085 2170 1251 2255 torqueo;

167 2287 328 2379 quisnam
371 2286 447 2359 dux
485 2287 541 2359 ille
584 2287 630 2357 sit
664 2286 821 2380 quaeris‘?
857 2285 949 2356 nosti
991 2285 1185 2369 hominem,
1221 2286 1252 2355 si

168 2405 271 2479 modo
289 2407 438 2479 nominis
467 2409 672 2478 meministi:
698 2406 842 2478 Publius
869 2407 1038 2497 Virgilius
1064 2406 1159 2478 Marc
1183 2416 1249 2489 est,

168 2525 377 2600 Mantuanus
403 2525 506 2611 civis,
533 2527 578 2597 de
604 2549 675 2620 quo
694 2527 838 2618 egregie
858 2527 1070 2597 vaticinatus
1090 2548 1141 2597 es.
1163 2528 1249 2599 Cum

166 2648 277 2733 enim,
305 2660 343 2720 ut
371 2649 538 2741 scriptum
564 2647 730 2740 legimus,
771 2645 922 2717 iuvenile
959 2645 1136 2737 quoddam
1173 2647 1250 2720 eius

167 2773 372 2867 opusculum
403 2770 565 2855 miratus,
601 2768 835 2861 quaesivisses
872 2778 1063 2852 auctorem,
1099 2790 1250 2862 eumque

167 2896 329 2967 iuvenem
363 2895 431 2967 iam
466 2894 584 2965 senior
621 2891 797 2977 vidisses,
828 2892 1021 2964 delectatus
1049 2912 1103 2976 es,
1131 2888 1169 2965 οι
1205 2890 1250 2964 de

167 3018 377 3091 inexhausto
412 3017 620 3111 eloquentiae
647 3026 718 3087 luae
744 2999 851 3098 fonte,
886 3037 965 3086 cum
1000 3017 1140 3108 propria
1171 3014 1246 3107 qui-

167 3137 247 3208 dem
261 3139 363 3210 laude
377 3140 607 3231 permixtum,
630 3158 755 3209 verum
773 3147 888 3208 tamen
909 3138 1188 3230 praeclarumque
1206 3155 1247 3205 ac

168 3258 390 3350 magnificum
418 3261 464 3331 illi
492 3259 729 3331 testimonium
755 3256 950 3331 reddidisti.
978 3258 1103 3330 Dixisti
1130 3257 1244 3329 enim:

507 3427 612 3508 Magna
629 3445 698 3509 spes
714 3429 807 3493 altera
824 3427 937 3490 llomae.

165 3605 267 3693 Quod
292 3602 424 3676 dictum
456 3626 503 3675 ex
535 3623 598 3676 ore
632 3614 691 3678 tuo
724 3602 891 3688 auditum,
919 3601 1007 3675 adeo
1032 3601 1098 3674 sibi
1119 3602 1247 3696 placuit

166 3726 363 3820 inseditque
390 3727 581 3809 memoriae,
610 3725 757 3798 utillud
786 3735 866 3819 post
897 3745 1007 3796 annos
1040 3721 1181 3813 viginti,
1213 3734 1245 3795 te

166 3848 300 3944 pridem
339 3848 444 3920 rebus
481 3847 643 3918 humanis
676 3858 854 3940 exempto,
893 3843 1012 3917 divino
1049 3845 1143 3938 operi
1180 3867 1246 3917 suo

164 3971 294 4044 eisdem
316 3963 455 4066 penitus
483 3970 600 4044 verbis
621 3970 808 4052 insereret,
834 3966 930 4061 qood
953 3987 1043 4060 opus
1069 3969 1098 4039 si
1125 3966 1245 4040 videre

166 4092 335 4177 licuisset,
358 4096 496 4166 letatus
519 4114 634 4175 esses,
658 4091 834 4182 deprimo
861 4088 943 4161 licre
965 4098 1034 4161 tam
1056 4100 1189 4162 certum
1212 4098 1244 4158 tc
