2670 4688
209 267 269 329 lli
549 279 591 328 nn
611 279 710 329 onnus
732 278 952 331 inminuamus

210 434 268 494 se,
303 411 359 481 vel
394 408 618 482 similitudine
651 412 878 503 ingeniorum,
914 427 952 485 ut
984 414 1093 485 Tullio
1128 415 1291 500 videtur,

212 534 338 606 iisdem
364 532 523 623 vestigiis
550 533 595 605 ab
619 537 801 626 ignorante
827 557 1044 608 coneursum.
1072 540 1145 609 Hoc
1170 550 1292 613 autem

210 655 259 726 ita
292 671 382 732 esse,
405 650 434 720 si
468 652 552 743 quid
587 678 739 748 unquam
761 656 846 726 mibi
871 657 1068 729 crediturus
1093 681 1147 742 ee,
1171 662 1290 735 crede.

210 776 303 848 Nihil
323 784 377 844 est
399 773 529 846 verius.
549 778 651 861 Quod
669 778 698 848 si
720 778 803 848 mihi
824 801 888 850 nec
903 780 1027 874 pudor,
1050 791 1089 853 ut
1109 785 1206 855 credi
1227 787 1294 859 de-

211 900 375 981 beat,neo
395 897 566 969 modestia
589 902 823 993 praestitisset,
851 902 1014 973 iuvenilis
1040 907 1147 975 animi
1174 917 1293 982 tumor

208 1019 410 1118 praestabat.
444 1020 551 1092 Hodie
586 1021 678 1092 enim
713 1021 759 1092 ab
791 1023 846 1093 his
875 1024 969 1095 euris
999 1027 1101 1118 longe
1132 1049 1223 1101 sum.
1247 1035 1294 1105 Et

208 1154 393 1243 postquam
426 1153 519 1215 totus
552 1142 632 1215 inde
673 1145 742 1216 abii
776 1146 1006 1240 sublatusque
1041 1170 1111 1241 quo
1142 1152 1293 1227 tenebar

209 1276 324 1340 metus
356 1276 427 1350 est,
460 1274 497 1335 et
528 1267 616 1337 alios
643 1286 765 1338 omnes
794 1277 829 1338 et
859 1267 951 1341 buno
983 1279 1063 1340 ante
1097 1273 1184 1344 alios
1219 1286 1293 1348 tota

210 1400 326 1462 mente
348 1389 512 1481 suspicio.
534 1389 605 1460 lam
639 1389 699 1482 qui
722 1412 776 1461 me
797 1389 873 1462 aliis
894 1389 1115 1464 iudicandum
1137 1394 1289 1483 dabam,

210 1536 303 1586 nune
320 1514 365 1585 de
382 1512 459 1584 aliis
481 1513 514 1582 in
538 1513 677 1584 silentio
696 1513 856 1586 iudicans
876 1515 975 1585 varie
993 1513 1134 1606 quidem
1156 1517 1191 1587 in
1209 1520 1291 1590 reli-

210 1636 306 1728 qum,
330 1635 365 1705 in
388 1635 453 1706 boc
471 1635 518 1706 ita
533 1634 657 1720 iudico,
681 1644 718 1705 ut
736 1635 837 1706 facile
858 1633 922 1705 sibi
946 1635 1103 1726 vulgaris
1123 1638 1292 1729 eloquen-

210 1756 269 1827 tiae
303 1757 450 1851 palmam
492 1753 581 1826 dem.
623 1756 834 1829 Mentiuntur
871 1755 976 1848 igitur
1014 1777 1071 1827 me
1111 1757 1202 1829 illius
1239 1762 1291 1830 la-

210 1903 302 1952 mam
324 1899 483 1973 carpere,
504 1898 585 1949 cum
609 1900 699 1949 unus
720 1902 787 1972 ego
808 1883 895 1951 forte
916 1878 1038 1950 melius
1058 1900 1164 1972 quam
1190 1882 1290 1951 multi

209 2025 255 2074 ex
277 2001 332 2073 bis
353 2000 499 2071 insulsis
523 2012 559 2070 et
583 1998 779 2071 immodicis
802 2000 1039 2073 laudatoribus
1061 2001 1178 2082 sciam,
1200 2002 1287 2091 quid

210 2124 246 2195 id
267 2122 391 2193 osteis
411 2121 497 2213 ipsis
520 2120 750 2211 incognitum,
768 2123 862 2212 quod
879 2123 1015 2194 illorum
1032 2140 1131 2192 aures
1147 2121 1285 2207 muloet,

212 2245 276 2315 sed
301 2243 491 2315 obstructis
517 2243 647 2334 ingenii
676 2242 872 2315 tramitibus
899 2245 934 2313 in
960 2245 1109 2316 animum
1128 2264 1201 2315 non
1225 2243 1290 2317 de-

212 2369 357 2440 scendit.
375 2369 463 2440 Sunt
481 2369 573 2440 enim
595 2389 642 2438 ex
663 2366 720 2437 illo
738 2388 847 2458 grege
873 2390 976 2460 quem
1003 2367 1123 2439 ctoero
1143 2366 1180 2438 in
1199 2367 1287 2438 Rhe-

211 2492 329 2566 toriois
362 2503 458 2566 notat
486 2515 566 2564 cum
600 2491 728 2585 inquit:
763 2491 874 2583 loquat
907 2492 1068 2561 motiones
1101 2489 1290 2562 boumont

204 2627 374 2710 poemata,
393 2617 536 2711 probarit
561 2627 706 2689 oratores
729 2626 790 2684 aut
809 2621 938 2704 poetar,
965 2635 1069 2702 aeque
1100 2614 1294 2706 intellimus

209 2764 310 2830 quare
333 2741 486 2810 commoti
505 2741 664 2832 probeat,
692 2733 778 2827 quod
799 2736 883 2805 scire
907 2757 974 2806 noo
999 2746 1135 2829 possum
1153 2735 1291 2817 ubisit,

211 2881 270 2927 nec
306 2859 382 2949 quid
415 2863 478 2943 sit,
515 2881 575 2930 aee
608 2855 768 2949 quomodo
804 2862 926 2950 suctum
968 2860 1010 2929 sit
1046 2854 1083 2927 id
1116 2850 1202 2944 quod
1237 2877 1292 2927 eos

212 2979 360 3048 mamilae
380 2979 524 3048 delectet.
547 2981 585 3052 Id
612 2982 642 3051 si
668 2980 703 3050 in
730 2980 962 3055 Demosthene
986 2990 1022 3053 el
1046 2976 1155 3048 Tullio
1184 2976 1293 3069 inque

215 3105 366 3175 Homero
385 3113 421 3172 et
439 3101 585 3192 Virgilio
605 3103 695 3175 inter
715 3103 885 3179 litteratos
907 3104 1063 3181 homines
1080 3109 1116 3171 et
1132 3098 1168 3170 in
1190 3099 1294 3173 seho-

212 3225 254 3296 lis
273 3225 414 3307 accidit,
434 3224 518 3316 quid
540 3224 575 3293 in
597 3226 663 3296 hoc
681 3238 800 3299 nostro
820 3230 910 3302 inter
936 3229 1059 3300 idiotas
1080 3223 1116 3294 in
1139 3222 1293 3295 tabernis

212 3359 247 3417 et
265 3349 297 3418 in
320 3351 393 3419 loro
414 3367 519 3440 posse
545 3357 646 3440 putas
673 3350 850 3424 aecidere‘l
871 3354 972 3438 Quod
1004 3348 1051 3421 ad
1071 3371 1128 3420 me
1157 3343 1292 3428 attinet,

213 3472 320 3540 miror
340 3490 406 3562 ego
432 3469 527 3540 illum
548 3482 583 3541 et
603 3456 722 3563 diligo,
750 3495 818 3546 non
844 3471 1106 3547 contemnent
1139 3462 1174 3533 id
1205 3462 1294 3535 s01'le

212 3615 289 3663 meo
310 3594 384 3664 iure
406 3592 554 3663 dixerim
578 3594 606 3663 si
626 3594 671 3664 ad
693 3594 782 3667 hanc
801 3608 940 3670 aetatem
959 3586 1144 3689 pervenire
1166 3584 1209 3652 illi
1231 3584 1294 3656 da-

213 3725 284 3781 tum
310 3727 419 3800 osset,
451 3736 579 3808 {raucos
610 3714 808 3789 habiturum
842 3720 972 3814 quibus
1005 3716 1102 3784 esset
1134 3706 1292 3795 ³ffli050s2

212 3855 316 3922 quarn
339 3838 432 3908 milri.
456 3840 505 3911 lta
524 3838 602 3910 dico
624 3838 653 3909 si
674 3851 840 3930 quantum
863 3845 1013 3914 delectat
1038 3827 1190 3919 issssssfll⁰2
1218 3839 1296 3900 lan·

212 3964 284 4022 tum
307 3959 461 4032 moribus
483 3962 689 4033 delectaret:
709 3960 799 4033 sicot
815 3985 861 4034 ex
878 3965 1019 4036 diverso
1032 3953 1146 4023 nullos
1163 3950 1295 4045 quibus

211 4087 305 4146 esset
327 4078 494 4163 infestior,
519 4106 624 4175 quam
645 4081 710 4153 hos
731 4082 967 4176 ineptissimus
992 4073 1209 4160 laudal0r⁰sst
1232 4075 1293 4166 ‘lui
