2670 4688
240 288 331 337 LlllBll
355 286 889 345 ulcusfflusottltulus-ul‘lsuots
911 292 953 339 l'l.
1078 278 1138 341 275

56 445 173 508 custos
193 432 305 505 bonus
326 435 412 520 luit‘l
425 434 476 503 'lu
497 434 686 523 cognitioni
711 454 827 506 rerum
849 456 954 527 supra
975 434 1081 509 fidem
1103 450 1138 507 et

57 561 133 629 sine
158 558 321 648 exemplo
345 554 505 638 deditus,
533 577 603 625 non
627 555 707 626 ideo
734 563 849 628 tamen
880 567 1035 629 actuosae
1054 560 1139 630 vitae

58 681 216 750 semitam
246 679 442 760 declinasti,
469 691 618 771 utroque
644 680 730 751 calle
761 680 983 773 conspicuus,
1012 690 1048 752 et
1072 681 1139 752 illis

59 800 205 868 summis
232 798 319 867 viris
344 797 470 888 Magno
494 798 658 892 Pompeio
683 820 724 870 uc
749 799 836 869 lulio
862 800 993 871 Caesari
1016 802 1139 872 merito

60 934 118 992 tuo
130 942 245 992 carus.
261 921 380 1011 ltaque
395 916 461 989 sub
474 920 583 990 altero
595 920 766 991 militasti:
781 919 826 991 ad
838 923 984 992 alterum
999 922 1138 1014 scripsi-

59 1044 102 1113 sti
120 1042 229 1114 libros
248 1038 426 1113 mirabiles
446 1039 630 1134 omnisque
656 1041 851 1134 disciplinae
875 1043 1138 1126 refertissimos,

60 1166 148 1233 inter
174 1161 341 1232 bellorum
367 1171 403 1233 et
428 1159 643 1256 publicorum
670 1183 854 1233 munerum
879 1161 1138 1233 diversissimas

57 1304 173 1355 curas.
195 1285 319 1374 lllegnu
338 1293 394 1355 est
414 1287 491 1356 laus
512 1304 582 1355 non
603 1285 733 1376 ingenii
759 1283 864 1354 modo
889 1282 953 1354 sed
974 1284 1140 1378 propositi

59 1408 93 1476 in
114 1416 194 1477 actu
215 1417 382 1500 perpetuo
402 1428 529 1499 corpus
557 1409 659 1478 simul
687 1419 792 1498 atque
818 1407 972 1477 animum
995 1406 1137 1489 habere,

57 1539 93 1598 et
113 1549 217 1623 posse
242 1537 277 1598 et
301 1527 394 1597 velle
419 1547 489 1596 non
514 1528 608 1599 aetati
635 1538 705 1599 tuso
730 1536 864 1599 tautum
892 1528 955 1599 sed
977 1525 1140 1597 omnihus

59 1650 197 1720 saeculis
218 1648 399 1742 prodesse.
422 1649 446 1717 li
466 1648 630 1740 equidem
660 1658 756 1721 tanto
777 1651 894 1722 studio
913 1648 1080 1721 elaborati
1099 1649 1142 1718 li-

59 1773 111 1843 bri
130 1772 226 1862 digni
253 1793 322 1842 non
348 1780 429 1841 sunt
454 1768 577 1853 habiti,
603 1772 665 1863 qui
690 1792 754 1866 per
779 1792 904 1842 manus
930 1780 1069 1845 nostras
1095 1771 1139 1844 ad

59 1904 218 1987 posteros
236 1893 471 1985 pervenirent:
492 1891 652 1964 ardorem
675 1905 773 1964 tuum
798 1902 918 1965 nostra
939 1895 1023 1963 vicit
1042 1894 1140 1983 ignu-

59 2020 125 2090 via.
152 2015 262 2086 Nemo
289 2025 358 2086 tam
386 2036 512 2108 parcus
538 2026 637 2109 pater
663 2035 816 2107 unquam
842 2015 918 2096 fuit,
945 2015 1046 2085 cuins
1071 2036 1140 2086 non

58 2141 256 2230 longaevam
270 2137 515 2231 parsimoniam
534 2137 633 2210 brevi
652 2147 808 2230 tempore
826 2136 1030 2208 luxuriosus
1048 2133 1140 2208 filins

57 2272 178 2355 posset
196 2272 368 2334 evertere.
390 2260 481 2343 Quid
503 2284 594 2332 nnnc
611 2260 717 2331 libros
737 2260 890 2352 perditos
914 2262 1140 2331 enumerem?

56 2394 141 2474 quot
152 2384 322 2456 librorum
337 2393 474 2453 tuorum
488 2383 629 2452 nomina
641 2381 784 2452 totidem
798 2385 902 2451 lamae
914 2390 1046 2452 uostrae
1058 2391 1140 2450 sunt

59 2507 215 2573 vulnera.
236 2504 385 2573 Praestat
404 2501 511 2592 igitur
532 2502 691 2573 siluisse:
714 2524 794 2572 nam
815 2512 851 2572 et
869 2503 1140 2574 contrectatione

59 2621 271 2694 recrudescit
296 2624 440 2703 vulnus,
468 2632 504 2692 et
529 2621 662 2715 sopitus
696 2621 795 2693 dolor
824 2621 942 2692 damni
974 2623 1140 2694 memoria

59 2743 240 2815 excitatur.
268 2745 336 2815 Sed
362 2743 407 2814 oh
425 2742 637 2816 incredibilis
667 2746 770 2814 lamae
799 2743 870 2814 vis!
899 2743 989 2814 vivit
1014 2765 1140 2816 nomen

59 2868 204 2960 sepultis
223 2865 402 2962 operibus,
423 2876 459 2937 et
483 2888 562 2939 cum
588 2865 633 2937 de
658 2868 814 2938 Varrone
841 2886 949 2961 prope
972 2864 1057 2937 nihil
1079 2888 1140 2960 ap

59 3001 191 3084 pareat,
220 2989 402 3062 doctorum
433 3000 546 3061 tamen
576 2989 729 3061 omnium
756 3008 944 3074 consensu,
976 2988 1139 3062 doctissi-

58 3132 136 3181 mus
154 3112 265 3182 Varro
285 3120 349 3195 est,
371 3110 466 3204 quod
486 3111 561 3181 sine
581 3113 651 3181 ulle
669 3108 885 3182 dubitatione
901 3109 1034 3181 amicus
1054 3119 1136 3182 tuus

57 3233 195 3302 Marcus
214 3234 334 3304 Cicero
358 3235 392 3303 in
420 3234 463 3303 iis
488 3234 573 3325 ipsis
599 3232 696 3303 libris
723 3232 758 3301 in
785 3231 913 3324 quibus
935 3232 1020 3302 nihil
1046 3231 1138 3303 affir-

57 3356 223 3427 mandum
248 3354 414 3446 disputat,
443 3354 615 3425 affirmare
643 3374 714 3424 uon
747 3354 873 3436 timuit,
904 3364 943 3426 ut
968 3353 1137 3447 quodam-

57 3477 160 3549 modo
185 3478 261 3547 luce
288 3477 335 3547 tui
360 3477 509 3547 nominis
534 3478 791 3571 perstringente
816 3477 951 3560 oeulos,
973 3476 1137 3547 videatur

56 3600 194 3671 iuterim
211 3596 295 3668 dum
314 3597 360 3668 de
376 3606 411 3668 te
424 3597 575 3690 loquitur
593 3618 695 3669 suum
715 3598 903 3693 principale
919 3593 1137 3690 propositum

55 3744 123 3794 non
142 3721 282 3793 vidisse.
306 3719 406 3805 Quod
432 3718 608 3790 Ciceronis
636 3719 872 3790 testimonium
897 3718 1040 3811 quidem
1061 3718 1137 3790 luti-

56 3844 171 3916 nitstis
185 3845 355 3937 angustiis
369 3841 668 3924 circumscribunt,
685 3842 778 3937 apud
791 3861 880 3932 quos
902 3841 1135 3914 Romanorum

54 3964 244 4039 doctissimi
260 3989 386 4040 nomen
404 3964 525 4048 habes,
540 3963 596 4034 alii
614 3962 659 4036 ad
675 3964 875 4036 Graecorum
890 3971 1001 4035 metas
1012 3974 1136 4036 exten·

54 4089 152 4173 dunt,
171 4092 414 4187 precipueque
434 4086 636 4161 Lactantius
655 4087 711 4157 vir
727 4106 774 4158 ex
793 4087 921 4159 nostris
938 4085 1135 4179 eloquentia
