2834 5086
604 355 755 405 corstona
779 358 817 404 vr.
1190 346 1247 405 otu

164 501 352 577 admodum
366 503 477 572 fateor
494 498 711 591 superstites,
730 517 809 567 cum
827 494 955 587 quibus
971 496 1093 566 vivere
1110 498 1246 603 cupiam

165 636 201 698 et
222 624 332 705 muri3
352 630 389 694 et
410 634 447 691 ut
467 620 510 692 ad
536 639 693 712 praesens
723 616 769 688 de
801 615 1006 688 absentibus
1039 625 1170 687 tantum
1197 622 1246 691 lo·

165 768 270 839 quar,
306 745 391 816 estis
427 763 491 813 vos
524 741 594 812 dno
625 760 715 832 qnos
747 737 860 832 pridie
892 738 1055 828 ignorans
1090 737 1246 834 hospites

167 870 273 941 habui
291 894 298 936 :
319 880 375 940 est
394 866 594 938 Lndovicus
617 850 757 944 nostor3
779 854 842 932 nec
862 862 1053 965 Guidonem
1085 863 1245 967 Septem,

167 1014 233 1064 nec
265 990 452 1062 Barbatum
484 1009 614 1069 meum,
637 996 731 1057 certe
752 1004 817 1054 nec
839 983 1077 1054 Romanellum
1110 983 1156 1054 ab
1181 985 1247 1056 boc

167 1132 315 1183 numero
336 1132 577 1202 segregarem,
600 1108 668 1179 nisi
688 1107 770 1198 quia
798 1102 830 1174 in
857 1105 908 1174 eis
929 1102 1151 1175 difficultates
1177 1127 1246 1177 non

169 1232 341 1316 modicas,
359 1243 465 1325 atque
485 1232 552 1302 alia
573 1241 715 1302 vocatos
734 1247 796 1298 eos
817 1230 952 1298 fortuna
973 1225 1085 1297 video.
1106 1225 1160 1297 Ad
1182 1248 1247 1300 vos

168 1356 287 1447 itaque
308 1364 379 1425 tres
400 1353 602 1444 restringor.
622 1352 742 1443 Neque
764 1372 856 1420 nunc
874 1349 918 1420 de
935 1349 1086 1420 dominis
1106 1351 1246 1441 loquor,

168 1496 318 1568 quornm
345 1472 585 1545 benevolentia
614 1470 747 1564 sperari
773 1482 904 1563 potest,
931 1472 1248 1545 conversationen

169 1607 292 1691 potest.
318 1593 443 1666 Obstat
462 1593 554 1666 enim
577 1603 698 1664 mutuo
722 1593 896 1666 convictui
922 1594 1113 1686 disparitas
1138 1576 1249 1666 fortu-

169 1741 314 1792 narum:
340 1716 492 1809 alioquin
527 1716 613 1787 alios
646 1716 919 1800 dinumerarem,
944 1726 1050 1809 atque
1071 1718 1105 1786 in
1128 1717 1249 1808 primis

168 1841 346 1914 dominum
365 1841 583 1930 episcopum,
602 1836 646 1907 de
662 1860 734 1929 quo
753 1839 884 1909 utinam
901 1839 1033 1930 aliquid
1051 1836 1247 1920 videamus,

169 1949 263 2056 quud
282 1960 437 2057 qnotidie
470 1958 592 2030 videor
624 1959 755 2044 videre,
783 1961 878 2052 quod
904 1971 941 2030 et
962 1934 1064 2031 valde
1084 1958 1251 2052 possibile

169 2094 232 2167 est,
255 2086 326 2155 Deo
347 2084 448 2154 simul
466 2092 502 2153 ot
521 2082 641 2173 gloriae
665 2081 741 2153 eius
763 2090 799 2153 et
823 2081 931 2172 quieti
959 2091 1089 2153 nostrae
1109 2080 1247 2153 miseri-

170 2205 319 2279 corditer
343 2205 559 2300 providente.
595 2204 664 2278 Sed
690 2203 796 2276 redeo
816 2203 862 2276 ad
882 2204 917 2275 id
938 2205 1034 2297 quod
1055 2228 1124 2278 non
1145 2203 1250 2278 modu

170 2329 348 2424 possibile,
366 2328 451 2419 quin
470 2326 566 2397 laeile
582 2329 686 2396 etiam
705 2349 794 2397 reor.
817 2328 902 2398 Tres
922 2328 1009 2399 estis
1030 2340 1066 2398 et
1085 2351 1152 2419 ego
1173 2347 1252 2415 sum

170 2460 327 2546 quartus.
351 2445 512 2516 Omnium
533 2446 669 2515 animos
702 2456 740 2514 ut
769 2468 884 2516 meum
907 2448 1085 2539 proprium
1106 2469 1253 2519 noscere

171 2572 304 2643 videor.
326 2566 418 2650 Quid
440 2586 504 2643 nos
522 2565 665 2659 impedit
688 2567 876 2659 quominus
903 2568 1032 2660 pariter
1058 2567 1143 2640 istas
1168 2567 1252 2640 vitae

174 2690 349 2782 reliquiae,
367 2695 662 2779 quautaecumque
680 2688 758 2771 sint,
777 2689 812 2758 in
832 2690 1076 2782 tranquillitate
1096 2692 1200 2762 animi
1219 2705 1255 2764 et

174 2811 300 2885 studiis
327 2809 496 2882 bonarum
522 2809 649 2882 artium
672 2811 919 2904 transigamus,
942 2825 978 2885 et
996 2815 1027 2883 si
1046 2813 1082 2882 in
1098 2818 1181 2906 freto
1202 2815 1254 2881 ui-

173 2938 299 3017 mimus,
335 2941 373 3003 ut
398 2931 446 3003 ait
478 2934 625 3017 Seneca,
659 2936 842 3004 moriemur
866 2936 903 3004 in
927 2935 1048 3026 portu?
1072 2934 1165 3019 Quid
1190 2955 1254 3006 nos

175 3056 340 3150 impedit?
360 3054 458 3126 Dicat
476 3055 536 3148 qui
558 3055 654 3127 novit
670 3083 677 3124 ε
696 3078 764 3148 ego
784 3056 874 3128 enim
897 3060 1007 3129 fateor
1028 3079 1084 3128 me
1106 3058 1253 3129 nescire.

176 3177 228 3247 An
249 3177 343 3268 quod
359 3177 414 3246 uni
428 3177 604 3268 quondam
619 3186 654 3246 et
666 3178 839 3248 communi
861 3178 1001 3249 dominu
1019 3177 1255 3270 obsequentes

176 3298 335 3380 lecimus,
353 3296 386 3367 id
400 3296 501 3366 nobis
517 3296 585 3366 iam
606 3297 764 3369 viventes
782 3320 850 3370 nun
869 3299 1093 3381 audebimus,
1107 3303 1257 3393 plusque

177 3421 213 3490 in
247 3418 348 3490 nobis
380 3418 491 3510 potuit
528 3420 709 3491 servitutis
750 3423 904 3495 studium
942 3446 1047 3516 quam
1086 3421 1257 3495 libertatis

176 3543 301 3613 amor?
319 3538 464 3611 Animos
485 3542 556 3612 scio
577 3541 770 3630 bominum,
790 3556 829 3618 nt
845 3545 943 3617 dixi:
967 3546 1030 3618 sed
1052 3547 1172 3618 nescio
1189 3547 1258 3616 lor-

179 3681 241 3732 san
262 3659 547 3755 impedimentum
568 3663 739 3734 Fortunae.
763 3667 805 3739 Et
823 3676 936 3738 tamen
957 3668 1072 3737 omnia
1090 3664 1258 3737 didicisse

179 3780 401 3875 iampridem
421 3781 536 3866 debui,
558 3784 774 3876 experientia
796 3789 973 3878 magistra.
996 3788 1089 3871 Quid
1108 3787 1200 3858 enim
1223 3787 1259 3857 in

181 3905 250 3973 ullo
270 3913 428 3975 vestrum
451 3926 603 3996 unquam
624 3907 690 3977 luit
710 3908 794 3978 mibi
815 3911 1012 3981 occultum?
1032 3908 1109 3982 Non
1134 3930 1259 3983 sumus

179 4023 354 4117 principes
376 4036 477 4097 terrae
494 4036 529 4096 et
547 4027 672 4111 maris,
693 4037 731 4099 ut
746 4029 793 4099 ait
810 4029 1037 4103 Aristoteles:
1058 4041 1171 4103 certe:
1191 4052 1255 4103 nec

180 4153 316 4236 oportet
336 4147 381 4217 ad
403 4146 540 4221 beatam
563 4150 682 4223 vitam.
704 4150 881 4224 Habemus
901 4162 1070 4245 quantum
1098 4153 1259 4226 sufficere
