2670 4688
478 113 632 163 urusroua
655 114 738 163 univ.
1080 105 1139 166 tltl

38 256 191 328 tatione
211 256 438 329 delendarum
462 277 578 327 rerum
597 253 760 327 cohibere
783 257 877 347 potui
892 281 899 325 :
917 267 990 329 tum
1009 259 1141 351 liquido

38 388 228 471 expertos
255 399 333 451 sum
359 399 449 462 esso,
466 377 755 462 utaiunt,affecti
775 377 881 449 animi
904 389 1020 452 motus
1040 382 1140 454 indo·

44 499 177 571 miros
209 501 253 572 Ut
272 522 358 572 vero
386 499 567 571 ridentem·
576 500 634 597 ille
657 520 713 570 me
735 499 832 584 vidit,
853 501 1032 593 quaesivit,
1053 501 1141 596 quid

47 621 114 693 rei
146 631 242 693 esset
273 621 472 695 admirans:
506 621 670 713 ingenio
679 621 828 733 impigro
848 631 1049 716 eratopus;
1076 645 1142 699 nec

48 744 155 815 enim
181 743 399 817 consultandi
430 741 517 841 qnid
545 728 714 836 loquerer
729 742 889 841 spatium
916 743 1057 837 inopina
1081 766 1140 818 nes

49 863 188 937 dabat:
211 887 258 935 ex
279 865 470 958 improviso
490 862 773 956 respondendum
788 875 887 936 erat:
904 885 1034 936 verum
1045 867 1138 975 eninr

53 1004 149 1056 vero
165 1007 212 1056 ex
229 985 378 1057 hominis
395 985 515 1059 babitu
536 984 729 1055 materiam
736 982 975 1076 responsionis
991 984 1138 1080 arripio,

55 1120 98 1180 et
116 1106 249 1191 heus,'
240 1131 396 1201 mquam,
418 1108 497 1200 quis
520 1129 587 1179 non
609 1117 756 1221 stupens
780 1096 985 1204 ridentqui
1010 1120 1139 1189 teme·

55 1230 202 1300 minerit
220 1224 396 1301 armorbm
418 1231 528 1321 gloria
546 1232 648 1322 paulo
665 1228 1012 1343 annelarissimunr,
1037 1254 1138 1321 eum·
1167 1220 1169 1224 Α

56 1353 210 1445 demque
241 1375 334 1423 nunc
366 1351 485 1422 videat
509 1361 604 1422 tanta
629 1336 741 1442 gratia
765 1349 953 1441 religionis
962 1351 1136 1445 insignem

61 1486 245 1566 utramque
277 1473 362 1544 vitae
392 1473 486 1544 viam
516 1475 660 1544 multum
688 1471 840 1544 diversis
867 1460 993 1545 studiis
1018 1473 1137 1548 brevis

61 1596 175 1688 spatio
208 1594 373 1687 temporis
406 1595 636 1666 honestasse?
665 1594 790 1666 Laetari
831 1596 1005 1687 praeeonio
1037 1598 1138 1671 visus

61 1727 129 1798 est,
159 1724 195 1786 et
225 1736 332 1787 rauco
362 1717 489 1825 plausu
512 1718 649 1807 titulum
675 1714 810 1787 bellicae
835 1715 1138 1809 laudis-amplecti

62 1859 170 1929 seque
193 1838 348 1929 protinus
370 1832 514 1910 inialos
535 1838 707 1923 auellere,
726 1838 796 1930 uuo
807 1836 1052 1929 grandiusculi
1071 1840 1139 1910 lor·

62 1983 152 2031 mam
174 1959 350 2031 bellatoris
372 1948 541 2033 indueret
565 1960 654 2032 llaee
670 1959 763 2034 inter
788 1959 1054 2065 discubuimus,
1081 1964 1139 2037 ille
1179 1989 1181 1996 ·

63 2084 186 2174 plenus
207 2083 326 2155 laetitia
345 2081 423 2154 cibo
444 2060 559 2159 ierinri
583 2086 788 2173 contentus,
801 2080 942 2159 “hibere
966 2093 1003 2155 et
1027 2085 1136 2177 loqui,

61 2224 129 2292 ego
160 2216 277 2274 autem
312 2204 397 2273 satis
431 2202 534 2273 habui
561 2166 684 2273 aurffre
710 2213 746 2273 et
765 2172 886 2287 silere,
920 2216 957 2274 et
984 2204 1139 2276 vicissim

63 2324 258 2414 erumpeuti
290 2323 459 2393 cachinno
490 2316 599 2394 lriena
634 2323 897 2427 substringere,
932 2345 1011 2394 cum
1046 2334 1140 2396 tatus

64 2463 134 2512 non
168 2443 233 2513 nisi
270 2441 313 2513 de
343 2464 380 2514 re
411 2442 549 2513 militari
582 2463 698 2531 serrrm
730 2446 840 2537 esai,
866 2445 1015 2545 qualiter
1043 2465 1140 2515 arma

66 2563 248 2649 movenda,
270 2563 419 2656 qualiter
441 2560 617 2635 feriendus
638 2544 941 2659 bostis,'qnaliter
966 2564 1142 2645 deelinan-

64 2688 142 2760 dus.
174 2684 416 2758 Phormionem
448 2685 546 2755 illrrm
579 2684 731 2773 diceres,
758 2688 824 2760 nisi
846 2686 940 2781 quod
959 2689 1142 2780 egestion-

65 2808 156 2880 nibal
176 2830 243 2880 non
260 2827 371 2879 eram:
387 2816 551 2879 caeterum
576 2807 685 2881 nostri
705 2830 844 2902 quoqne
864 2811 1009 2883 seniculi
1031 2811 1141 2883 mirus

63 2932 194 3014 servor,
227 2941 264 3023 et
294 2928 505 3003 inexhausta
530 2931 630 3024 copia
656 2934 851 3027 peregrinae
876 2934 1041 3009 materiae.
1064 2934 1142 3005 Sin-

64 3053 147 3144 gula
180 3060 265 3122 nutu
293 3050 435 3143 quidem
465 3052 714 3146 approbabam,
739 3076 818 3125 nam
840 3076 904 3126 uec
924 3057 1019 3148 loqui
1045 3065 1141 3148 pole-

64 3197 154 3256 ram,
184 3196 249 3245 nec
282 3174 311 3244 si
345 3195 500 3266 possem,
534 3176 592 3249 ille
624 3176 863 3269 permitteret:
887 3177 947 3249 sic'
964 3187 1058 3248 totus
1083 3176 1142 3249 illo

65 3295 261 3370 transiisset
279 3294 367 3379 dies,
389 3296 455 3368 nisi
474 3297 907 3392 publieumborologium,
929 3320 1001 3391 qno
1022 3297 1143 3373 ntimo

64 3423 205 3492 invento
226 3440 288 3512 per
307 3437 428 3488 omues
447 3421 521 3490 lere
543 3419 608 3491 iam
631 3418 815 3514 Cisalpinae
839 3419 961 3491 Galliae
980 3418 1141 3495 civitates

64 3543 226 3615 metimur
265 3549 439 3632 tempora,
483 3541 639 3633 praelium
676 3540 902 3624 diremisset3
941 3540 1141 3629 admonitus

62 3667 154 3737 enim
167 3665 260 3736 diem
274 3662 333 3743 ire,
354 3662 518 3734 surrexit.
536 3663 611 3754 Ego
627 3664 723 3735 illum
741 3663 785 3734 ad
803 3663 907 3735 limen
925 3685 1004 3737 euru
1021 3664 1141 3757 pneris

64 3797 267 3875 prosecutus
300 3805 395 3870 sum,
425 3793 462 3855 et
488 3784 673 3876 egregium
703 3784 905 3856 bellatorem
931 3785 994 3858 vix
1019 3808 1140 3860 omnes

65 3909 270 3982 sustulimus
289 3909 322 3979 in
342 3920 479 4000 tergum
497 3911 593 4000 equi,
616 3907 670 3982 cni
694 3907 740 3981 ad
763 3910 907 4003 capellae
935 3911 1140 4003 squallentis
