2670 4688
499 297 761 356 nersnotn'rnuu.
1092 292 1150 356 {tot

74 448 326 521 mendationem
341 448 390 517 tui
404 468 563 540 promere
582 448 679 518 volui
698 445 777 517 stilo
795 457 940 518 sonante
962 446 1152 540 dispositus

73 568 246 642 fidetitatis
279 570 315 640 in
341 580 412 641 tuae
443 569 567 640 laudes
592 590 662 639 non
687 548 820 659 iurgia,
848 567 1101 640 criminandum
1123 573 1152 642 si

72 691 157 785 quid
176 691 280 762 tuerit
300 701 424 782 tegens
449 690 495 761 do
520 689 570 760 tui
600 688 745 771 rubore,
774 688 931 781 pandens
954 699 1013 760 tua
1039 703 1153 764 tamen

71 813 215 904 egregia
236 826 304 882 nou
325 808 462 882 infirma
482 832 589 904 opera
607 810 836 906 praedioanda.
860 811 1015 902 Cognovi
1029 821 1063 882 te
1080 835 1154 883 mo-

74 934 169 1006 ribus
192 938 379 1028 perfeetum
401 935 437 1006 in
453 935 598 1018 cunctis,
616 933 833 1027 quadruplici
855 932 1020 1002 uirtutum
1041 933 1155 1005 cardi·

73 1060 202 1129 nalium
223 1057 321 1128 radio
352 1056 486 1149 absque
517 1056 681 1128 vitiorum
716 1054 862 1126 maculis
888 1075 1068 1147 aspersum
1103 1057 1154 1130 sic

73 1178 199 1270 iugiter
211 1179 384 1262 extitisse,
403 1178 571 1249 virtutum
592 1179 746 1269 ipsarum
765 1176 921 1249 ordinem
940 1177 1152 1248 servandum

72 1300 230 1371 uoniam
258 1299 594 1394 praemetuendum,
618 1298 696 1370 ideo
716 1297 804 1369 duxi
832 1296 969 1391 singula
995 1298 1153 1372 ordinata
1260 1329 1263 1333 ⁵

73 1423 163 1491 inte
185 1421 296 1493 tacere
317 1421 480 1514 quoniam
502 1441 640 1513 semper
659 1421 751 1491 novi.
764 1419 894 1493 Probas
916 1430 949 1492 te
970 1419 1153 1513 providum

73 1544 107 1613 in
128 1543 269 1628 suturis,
291 1565 398 1615 caves
419 1564 559 1635 semper
571 1543 737 1635 pericula,
760 1562 873 1634 neque
897 1562 1065 1636 prospera
1086 1543 1154 1612 sor·

73 1676 167 1736 tunae
187 1666 267 1735 nisu
284 1665 389 1736 animi
410 1664 663 1758 comptecteris.
690 1662 865 1755 Disposita
887 1663 921 1732 in
942 1672 976 1734 tc
997 1682 1154 1756 praesen-

73 1789 119 1858 tia
140 1788 259 1859 solerti
279 1806 348 1857 non
366 1788 467 1878 segni
488 1784 604 1858 studio
617 1798 712 1857 certa
731 1787 763 1855 in
786 1785 921 1857 actibus
944 1787 1013 1857 tuis
1035 1796 1155 1857 osten·

72 1908 128 1980 dis
148 1909 301 1980 animum
330 1908 380 1978 sic
400 1908 630 2000 compositum
656 1929 795 1999 nonque
822 1908 944 1979 rudem
972 1907 1154 1978 effectibus

73 2040 259 2102 monstras.
290 2030 541 2122 Amplectenda
574 2039 656 2100 sunt
689 2029 808 2121 ntique
839 2051 907 2100 non
935 2031 1156 2123 aspernenda

73 2173 218 2246 opernm
239 2163 378 2224 tuorum
403 2162 504 2244 gesta
522 2151 702 2246 probanda
728 2173 765 2222 re
791 2153 886 2247 ipsa:
913 2154 1155 2245 exemplorum

73 2283 232 2345 veterum
253 2296 443 2345 memorem
476 2295 547 2345 non
578 2274 768 2345 excordem
805 2296 957 2368 namque
984 2283 1018 2346 to
1046 2274 1155 2346 tuisse

73 2415 220 2488 prorsus
241 2407 388 2478 etesse,
404 2395 562 2466 homines
585 2397 800 2487 proclamant
820 2408 977 2491 prompta
995 2419 1062 2468 non
1083 2397 1156 2467 dis-

74 2528 219 2608 gregata
242 2518 419 2587 memoria.
441 2515 566 2587 Tribus
593 2516 709 2608 itaque
739 2516 951 2610 temporibus
977 2529 1057 2588 tuus
1083 2518 1156 2586 ani-

74 2660 155 2709 mus
175 2651 290 2709 manet
314 2637 600 2732 dispensantibus
625 2640 658 2706 in
688 2639 834 2729 singuiis
857 2636 1038 2731 prudentia
1063 2638 1156 2708 omni

75 2783 116 2832 ao
136 2760 258 2855 peritia
278 2782 393 2831 rernm
411 2758 545 2852 absque
564 2761 678 2832 cordis
695 2761 890 2851 ignorantia
910 2782 1157 2853 quorumcum-

75 2905 144 2974 que
164 2883 368 2953 naturaiiter
400 2882 504 2954 insita
535 2881 605 2954 tibi.
633 2883 795 2955 Dilectum
832 2882 892 2954 tibi
925 2882 1091 2954 iustitiam
1122 2882 1156 2950 in

76 3004 261 3076 indicando
281 3008 398 3076 toves:
418 3007 560 3098 praemia
577 3006 669 3079 bona
693 3028 760 3078 non
781 3006 1076 3101 supptioiaiustis,
1092 3004 1158 3074 iui-

76 3126 156 3216 quis
178 3147 365 3216 poenarum
381 3126 584 3198 discrimina
599 3149 666 3198 non
684 3149 830 3200 coronas
850 3129 981 3200 dudum
1005 3126 1157 3198 tribuere

76 3245 238 3317 didicisti.
266 3248 408 3321 Veritati
439 3250 560 3321 similis
586 3250 755 3322 abdicatis
785 3251 845 3324 tibi
874 3251 1014 3342 flagitiis
1038 3248 1157 3321 reddis

77 3367 276 3440 homiuibus
301 3370 464 3441 omnibus
490 3392 577 3454 sua3
606 3396 674 3445 non
700 3374 798 3466 piger
830 3381 891 3443 aut
917 3371 1156 3465 iniquissimus

76 3510 370 3591 censoruservans
391 3492 499 3565 dubio
519 3498 639 3587 procul
671 3494 943 3567 misericordiam
966 3495 1000 3564 in
1022 3494 1157 3564 severis

75 3625 111 3685 et
123 3607 286 3706 pietatem
308 3613 343 3683 in
366 3614 539 3706 rigoribus
562 3637 701 3710 semper
721 3609 802 3702 tuis,
825 3617 952 3690 cedens
972 3639 1017 3688 ex
1042 3615 1157 3688 animo

76 3736 238 3808 clementi
260 3735 292 3806 in
315 3736 640 3830 adiectionibusque
672 3762 867 3834 poenarum.
897 3742 1048 3809 Donator
1073 3737 1158 3809 libe·

78 3859 161 3929 raiis
190 3860 319 3931 nemini
347 3881 491 3952 parcus,
520 3861 665 3950 largitor
696 3859 891 3942 munificus,
913 3883 981 3931 non
1015 3881 1155 3931 avarus.

76 3979 264 4054 Execraris
286 3984 369 4054 vitia
391 4005 459 4052 non
480 3981 644 4064 virtutes,
674 4001 788 4050 mores
814 3981 1080 4053 honestissimos
1105 3982 1158 4051 in-

79 4104 223 4175 sectaris
241 4113 276 4176 et
287 4105 493 4177 honestum:
520 4102 637 4195 nilque
659 4102 797 4197 penitus
811 4115 865 4177 ost
885 4104 1041 4197 iniquum
1063 4103 1156 4196 quod
