2670 4688
484 617 663 682 [turstatt
685 616 766 680 tvtt.

207 785 401 836 utranctscus
423 785 591 834 nabataea
612 786 743 835 {nunant
765 786 891 836 nantino
913 787 938 835 S.
962 787 989 835 P.
1016 787 1046 835 D.

356 927 438 981 Mittit
453 927 487 980 ad
502 941 567 979 cum
581 925 726 996 epistolam
742 926 885 997 poeticam.

182 1187 297 1257 Solitis
330 1201 365 1258 et
394 1191 693 1284 inexplicabilibus
715 1211 877 1261 curarum
906 1191 986 1259 mibi
1022 1192 1157 1283 laqueis

83 1309 313 1402 circumsepto
334 1313 464 1382 nullum
483 1312 664 1384 affluxisse
684 1321 819 1404 poterat
837 1312 971 1402 gratius
991 1315 1158 1396 solamen,

82 1453 187 1522 quam
206 1434 299 1524 qnod
318 1455 434 1504 secum
452 1433 566 1505 attolit
581 1432 846 1525 magnificentiae
860 1444 988 1504 vestrae
1001 1433 1112 1506 dulcis
1127 1446 1162 1506 et

82 1553 222 1623 eximiae
243 1553 436 1625 dilectionis
463 1557 562 1626 testis
582 1557 740 1649 epistola,
768 1555 824 1626 cni
843 1557 1024 1627 confestim
1047 1557 1160 1650 prius-

81 1696 186 1765 quam
203 1688 264 1746 aut
284 1676 359 1768 ipsa
372 1676 533 1748 manibus
555 1676 761 1760 elaberetur,
785 1688 846 1748 aut
865 1698 969 1769 quem
984 1678 1094 1773 ipsius
1109 1682 1159 1749 le-

80 1818 144 1886 pos
158 1797 373 1867 excitaverat
387 1799 536 1891 impetus
554 1798 660 1869 animi
680 1799 892 1882 deferveret,
913 1811 1049 1870 centum
1072 1801 1160 1872 lorte

80 1918 272 1989 versiculos
288 1918 440 2004 reddidi,
461 1920 542 1990 lima
556 1920 698 2012 quidem
712 1921 745 1989 in
766 1928 902 2012 tempus
923 1919 1017 1991 aliud
1035 1920 1157 2004 dilata;

80 2060 188 2128 quum
205 2062 285 2111 ecce
305 2040 361 2111 die
383 2043 543 2136 proximo
557 2041 704 2113 nuncius
722 2051 854 2124 vester,
876 2039 920 2112 de
937 2063 1008 2134 quo
1030 2042 1078 2113 nil
1095 2063 1157 2113 au-

78 2158 234 2232 diveram
269 2175 329 2234 aut
355 2164 606 2255 cogitaveram,
639 2176 780 2259 repente
811 2164 922 2236 adluit
947 2183 1156 2256 responsum

78 2282 249 2372 flagitans.
266 2282 408 2354 Substiti
422 2285 506 2376 quid
520 2307 660 2375 agerem
683 2286 847 2356 incertus.
869 2284 922 2355 nd
941 2295 1154 2380 postremum

78 2424 215 2473 omnem
236 2404 351 2474 indicii
374 2407 483 2475 vestri
502 2427 686 2475 censuram
708 2405 926 2476 subeundam
947 2407 1061 2498 potius
1080 2412 1155 2475 exi-

79 2524 230 2606 stimavi,
248 2547 354 2616 quarn
371 2525 652 2596 committendum
675 2537 713 2596 ut
730 2529 858 2597 frustra
872 2528 955 2596 mibi
970 2535 1086 2597 tantus
1100 2527 1154 2594 vir

79 2646 258 2738 scripsisse
274 2646 458 2731 videretur,
478 2649 652 2742 praecipue
667 2648 750 2739 quia
763 2648 856 2718 bunc
870 2648 983 2742 ipsum
997 2648 1155 2718 incultio-

56 2766 125 2839 ris
157 2769 320 2839 carminis
354 2771 532 2841 horrorem
561 2769 691 2840 amoris
719 2769 865 2841 indicem
891 2772 981 2855 sore,
1009 2769 1154 2860 Virgilio

77 2889 290 2975 admonente,
303 2892 504 2964 didiceram.
527 2893 620 2964 blitto
638 2893 744 2984 igitur
754 2894 876 2985 quales
888 2904 1001 2964 erant:
1021 2891 1152 2962 mittam

76 3016 133 3083 vel
159 3018 264 3085 feram
301 3015 376 3107 ipse
403 3015 566 3088 libentius
593 3017 721 3087 maiora
754 3038 832 3087 curn
862 3027 992 3109 potero.
1027 3014 1153 3084 Vester

77 3158 167 3206 snm:
183 3136 327 3209 obsecro
345 3162 400 3211 me
412 3139 687 3211 recommendari
704 3140 749 3212 ad
770 3140 876 3234 pedes
901 3139 1077 3209 humiliter
1090 3135 1154 3208 do-

76 3259 159 3327 mini
181 3260 248 3327 mei
266 3260 373 3349 regie,
396 3260 440 3331 ad
455 3282 543 3353 quos
558 3240 695 3332 'reverti
716 3272 846 3353 quanto
859 3259 1035 3332 desiderio
1055 3277 1154 3328 mens

77 3391 203 3451 aestuet
220 3377 320 3451 testis
349 3392 405 3453 est
425 3383 594 3455 Christus:
622 3383 685 3454 sed
706 3392 829 3454 camna
850 3379 1049 3472 multiplicis
1067 3379 1154 3450 obti-

75 3504 238 3594 gationis,
265 3525 333 3596 qna
355 3504 495 3576 domino
515 3506 623 3576 Azoni
642 3527 719 3576 sum
741 3505 968 3585 constrictus,
992 3520 1048 3570 me
1069 3498 1155 3570 huc·

76 3648 188 3718 usqne
204 3625 362 3697 detinuit.
384 3618 554 3720 Experte
573 3627 654 3698 dicti
682 3628 812 3699 domini
840 3625 973 3696 Azouis
998 3641 1064 3692 vos
1098 3641 1155 3693 sa·
1260 3617 1261 3620 ’

75 3751 159 3832 luto,
173 3771 237 3821 nec
251 3771 317 3820 non
331 3760 366 3819 et
378 3749 606 3820 Sennuccium
622 3773 735 3821 meum
747 3807 754 3835 ,
768 3752 824 3821 cni
839 3750 988 3819 multum
1004 3740 1152 3844 invideo,

75 3872 155 3962 qnia
175 3885 241 3956 est,
269 3886 307 3943 ut
338 3872 412 3964 ipse
433 3870 523 3942 idem
547 3884 706 3955 testatur,
739 3876 951 3943 multacum
969 3867 1154 3939 dilectione

74 3993 268 4082 vobiscum,
289 3998 418 4090 quibus
436 4019 503 4089 ego
526 4020 580 4069 me
598 3998 735 4068 tertium
756 3995 828 4066 fieri
853 4015 914 4087 pro
934 3989 1058 4082 grandi
1081 4009 1154 4057 rnu-

75 4138 157 4187 uere
177 4140 352 4213 cuperem,
379 4120 447 4194 nisi
472 4133 507 4192 et
532 4123 667 4194 fortuna
695 4141 772 4192 mea
792 4127 886 4190 certe
908 4125 946 4185 ot
968 4109 1156 4202 indignitas

197 4249 232 4290 ιιι.
968 4233 999 4282 30
