<?xml version="1.0" encoding="UTF-8"?>
<!DOCTYPE html PUBLIC "-//W3C//DTD XHTML 1.0 Transitional//EN"
    "http://www.w3.org/TR/xhtml1/DTD/xhtml1-transitional.dtd">
<html xmlns="http://www.w3.org/1999/xhtml" xml:lang="en" lang="en">
 <head>
  <title>
</title>
<meta http-equiv="Content-Type" content="text/html;charset=utf-8" />
  <meta name='ocr-system' content='tesseract 3.04.00' />
  <meta name='ocr-capabilities' content='ocr_page ocr_carea ocr_par ocr_line ocrx_word'/>
</head>
<body>
  <div class='ocr_page' id='page_1' title='image "./epistolaederebu01fracgoog_0013.png"; bbox 0 0 2670 4688; ppageno 0'>
   <div class='ocr_carea' id='block_1_1' title="bbox 491 435 915 501">
    <p class='ocr_par' dir='ltr' id='par_1_1' title="bbox 491 435 915 501">
     <span class='ocr_line' id='line_1_1' title="bbox 491 435 915 501; baseline 0 -2"><span class='ocrx_word' id='word_1_1' title='bbox 491 436 678 501; x_wconf 72' lang='lat' dir='ltr'><strong>souuerse}</strong></span> <span class='ocrx_word' id='word_1_2' title='bbox 709 435 915 500; x_wconf 76' lang='lat' dir='ltr'>PETRARCAE</span> 
     </span>
    </p>
   </div>
   <div class='ocr_carea' id='block_1_2' title="bbox 313 656 1098 757">
    <p class='ocr_par' dir='ltr' id='par_1_2' title="bbox 313 656 1098 757">
     <span class='ocr_line' id='line_1_2' title="bbox 313 656 1098 757; baseline -0.003 -3"><span class='ocrx_word' id='word_1_3' title='bbox 313 680 382 755; x_wconf 86' lang='lat' dir='ltr'><strong>DE</strong></span> <span class='ocrx_word' id='word_1_4' title='bbox 433 675 616 757; x_wconf 88' lang='lat' dir='ltr'>REBUS</span> <span class='ocrx_word' id='word_1_5' title='bbox 666 656 1098 752; x_wconf 77' lang='lat' dir='ltr'>FAMILIARIBUS</span> 
     </span>
    </p>
   </div>
   <div class='ocr_carea' id='block_1_3' title="bbox 466 907 936 983">
    <p class='ocr_par' dir='ltr' id='par_1_3' title="bbox 466 907 936 983">
     <span class='ocr_line' id='line_1_3' title="bbox 466 907 936 983; baseline -0.013 -1"><span class='ocrx_word' id='word_1_6' title='bbox 466 912 619 983; x_wconf 83' lang='lat' dir='ltr'>LIBER</span> <span class='ocrx_word' id='word_1_7' title='bbox 659 907 936 982; x_wconf 83' lang='lat' dir='ltr'>VICESIMUS.</span> 
     </span>
    </p>
   </div>
   <div class='ocr_carea' id='block_1_4' title="bbox 666 1226 745 1236">
    <p class='ocr_par' dir='ltr' id='par_1_4' title="bbox 666 1226 745 1236">
     <span class='ocr_line' id='line_1_4' title="bbox 666 1226 745 1236; baseline 0.025 -2"><span class='ocrx_word' id='word_1_8' title='bbox 666 1226 745 1236; x_wconf 76' lang='lat'><strong>—-</strong></span> 
     </span>
    </p>
   </div>
   <div class='ocr_carea' id='block_1_5' title="bbox 593 1551 811 1616">
    <p class='ocr_par' dir='ltr' id='par_1_5' title="bbox 593 1551 811 1616">
     <span class='ocr_line' id='line_1_5' title="bbox 593 1551 811 1616; baseline -0.014 -1"><span class='ocrx_word' id='word_1_9' title='bbox 593 1551 770 1616; x_wconf 68' lang='lat' dir='ltr'><strong>uersuum</strong></span> <span class='ocrx_word' id='word_1_10' title='bbox 791 1552 811 1615; x_wconf 88' lang='grc' dir='ltr'><strong>Ι.</strong></span> 
     </span>
    </p>
   </div>
   <div class='ocr_carea' id='block_1_6' title="bbox 183 1739 1225 1795">
    <p class='ocr_par' dir='ltr' id='par_1_6' title="bbox 183 1739 1225 1795">
     <span class='ocr_line' id='line_1_6' title="bbox 183 1739 1225 1795; baseline -0.005 -2"><span class='ocrx_word' id='word_1_11' title='bbox 183 1742 377 1795; x_wconf 70' lang='lat' dir='ltr'><strong>rnauclscus</strong></span> <span class='ocrx_word' id='word_1_12' title='bbox 394 1739 563 1790; x_wconf 68' lang='lat' dir='ltr'><strong>Parauaea</strong></span> <span class='ocrx_word' id='word_1_13' title='bbox 580 1739 677 1788; x_wconf 81' lang='lat' dir='ltr'>NERIO</span> <span class='ocrx_word' id='word_1_14' title='bbox 695 1739 848 1789; x_wconf 71' lang='lat' dir='ltr'><strong>Montano</strong></span> <span class='ocrx_word' id='word_1_15' title='bbox 867 1739 1130 1790; x_wconf 76' lang='lat' dir='ltr'><strong>F0n0L1leN81s.</strong></span> <span class='ocrx_word' id='word_1_16' title='bbox 1150 1741 1178 1789; x_wconf 84' lang='grc' dir='ltr'><strong>Ρ.</strong></span> <span class='ocrx_word' id='word_1_17' title='bbox 1195 1742 1225 1790; x_wconf 84' lang='lat' dir='ltr'><strong>u.</strong></span> 
     </span>
    </p>
   </div>
   <div class='ocr_carea' id='block_1_7' title="bbox 163 1913 1245 2076">
    <p class='ocr_par' dir='ltr' id='par_1_7' title="bbox 163 1913 1245 2076">
     <span class='ocr_line' id='line_1_7' title="bbox 163 1913 1245 1989; baseline -0.006 -16"><span class='ocrx_word' id='word_1_18' title='bbox 163 1919 205 1973; x_wconf 85' lang='lat' dir='ltr'><strong>De</strong></span> <span class='ocrx_word' id='word_1_19' title='bbox 220 1917 346 1989; x_wconf 78' lang='lat' dir='ltr'><strong>pessimis</strong></span> <span class='ocrx_word' id='word_1_20' title='bbox 361 1915 448 1971; x_wconf 77' lang='lat' dir='ltr'><strong>aetafis</strong></span> <span class='ocrx_word' id='word_1_21' title='bbox 463 1931 520 1970; x_wconf 81' lang='lat' dir='ltr'><strong>suaa</strong></span> <span class='ocrx_word' id='word_1_22' title='bbox 535 1915 676 1981; x_wconf 83' lang='lat' dir='ltr'><strong>moribus,</strong></span> <span class='ocrx_word' id='word_1_23' title='bbox 691 1920 719 1969; x_wconf 88' lang='lat' dir='ltr'><strong>et</strong></span> <span class='ocrx_word' id='word_1_24' title='bbox 737 1915 892 1986; x_wconf 76' lang='lat' dir='ltr'><strong>presertim</strong></span> <span class='ocrx_word' id='word_1_25' title='bbox 910 1913 944 1969; x_wconf 88' lang='lat' dir='ltr'><strong>de</strong></span> <span class='ocrx_word' id='word_1_26' title='bbox 958 1914 1072 1968; x_wconf 82' lang='lat' dir='ltr'><strong>avaritia</strong></span> <span class='ocrx_word' id='word_1_27' title='bbox 1084 1919 1112 1969; x_wconf 84' lang='lat' dir='ltr'><strong>et</strong></span> <span class='ocrx_word' id='word_1_28' title='bbox 1126 1914 1245 1969; x_wconf 85' lang='lat' dir='ltr'><strong>luxuria.</strong></span> 
     </span>
     <span class='ocr_line' id='line_1_8' title="bbox 284 2001 1118 2076; baseline -0.004 -15"><span class='ocrx_word' id='word_1_29' title='bbox 284 2006 426 2061; x_wconf 87' lang='lat' dir='ltr'>Nonnulla</span> <span class='ocrx_word' id='word_1_30' title='bbox 441 2004 475 2059; x_wconf 87' lang='lat' dir='ltr'><strong>do</strong></span> <span class='ocrx_word' id='word_1_31' title='bbox 490 2004 610 2059; x_wconf 83' lang='lat' dir='ltr'><strong>adventu</strong></span> <span class='ocrx_word' id='word_1_32' title='bbox 626 2003 759 2076; x_wconf 73' lang='lat' dir='ltr'><strong>obituque</strong></span> <span class='ocrx_word' id='word_1_33' title='bbox 774 2001 865 2060; x_wconf 85' lang='lat' dir='ltr'><strong>Caroli</strong></span> <span class='ocrx_word' id='word_1_34' title='bbox 879 2004 917 2058; x_wconf 86' lang='lat' dir='ltr'><strong>IV</strong></span> <span class='ocrx_word' id='word_1_35' title='bbox 931 2003 1118 2076; x_wconf 86' lang='lat' dir='ltr'><strong>Imperatoris.</strong></span> 
     </span>
    </p>
   </div>
   <div class='ocr_carea' id='block_1_8' title="bbox 164 2277 1249 2587">
    <p class='ocr_par' dir='ltr' id='par_1_8' title="bbox 164 2277 1249 2587">
     <span class='ocr_line' id='line_1_9' title="bbox 261 2277 1248 2370; baseline -0.002 -20"><span class='ocrx_word' id='word_1_36' title='bbox 261 2279 412 2350; x_wconf 88' lang='lat' dir='ltr'><strong>Gravem</strong></span> <span class='ocrx_word' id='word_1_37' title='bbox 445 2280 540 2350; x_wconf 86' lang='lat' dir='ltr'><strong>euris</strong></span> <span class='ocrx_word' id='word_1_38' title='bbox 566 2277 825 2369; x_wconf 84' lang='lat' dir='ltr'><strong>obsessumque</strong></span> <span class='ocrx_word' id='word_1_39' title='bbox 850 2277 999 2368; x_wconf 76' lang='lat' dir='ltr'><strong>negotiis</strong></span> <span class='ocrx_word' id='word_1_40' title='bbox 1026 2287 1062 2347; x_wconf 85' lang='lat' dir='ltr'><strong>ot</strong></span> <span class='ocrx_word' id='word_1_41' title='bbox 1085 2297 1248 2370; x_wconf 90' lang='lat' dir='ltr'><strong>perosum</strong></span> 
     </span>
     <span class='ocr_line' id='line_1_10' title="bbox 164 2396 1249 2490; baseline -0.005 -21"><span class='ocrx_word' id='word_1_42' title='bbox 164 2409 287 2470; x_wconf 85' lang='lat' dir='ltr'><strong>eurota</strong></span> <span class='ocrx_word' id='word_1_43' title='bbox 308 2421 389 2490; x_wconf 88' lang='lat' dir='ltr'><strong>quae</strong></span> <span class='ocrx_word' id='word_1_44' title='bbox 409 2399 528 2479; x_wconf 87' lang='lat' dir='ltr'><strong>video,</strong></span> <span class='ocrx_word' id='word_1_45' title='bbox 542 2419 608 2468; x_wconf 86' lang='lat' dir='ltr'><strong>nec</strong></span> <span class='ocrx_word' id='word_1_46' title='bbox 628 2399 727 2468; x_wconf 88' lang='lat' dir='ltr'><strong>aliter</strong></span> <span class='ocrx_word' id='word_1_47' title='bbox 744 2419 849 2489; x_wconf 85' lang='lat' dir='ltr'><strong>quam</strong></span> <span class='ocrx_word' id='word_1_48' title='bbox 869 2400 987 2469; x_wconf 83' lang='lat' dir='ltr'><strong>fessus</strong></span> <span class='ocrx_word' id='word_1_49' title='bbox 1004 2407 1110 2489; x_wconf 89' lang='lat' dir='ltr'><strong>atque</strong></span> <span class='ocrx_word' id='word_1_50' title='bbox 1130 2396 1249 2476; x_wconf 79' lang='lat' dir='ltr'><strong>aridus</strong></span> 
     </span>
     <span class='ocr_line' id='line_1_11' title="bbox 164 2515 1249 2587; baseline -0.002 -1"><span class='ocrx_word' id='word_1_51' title='bbox 164 2537 293 2586; x_wconf 81' lang='lat' dir='ltr'><strong>cervus</strong></span> <span class='ocrx_word' id='word_1_52' title='bbox 315 2520 404 2586; x_wconf 86' lang='lat' dir='ltr'><strong>solet</strong></span> <span class='ocrx_word' id='word_1_53' title='bbox 423 2516 469 2586; x_wconf 89' lang='lat' dir='ltr'><strong>ad</strong></span> <span class='ocrx_word' id='word_1_54' title='bbox 490 2515 694 2585; x_wconf 88' lang='lat' dir='ltr'><strong>umbrosum</strong></span> <span class='ocrx_word' id='word_1_55' title='bbox 715 2519 843 2584; x_wconf 83' lang='lat' dir='ltr'><strong>sontem</strong></span> <span class='ocrx_word' id='word_1_56' title='bbox 861 2517 907 2585; x_wconf 90' lang='lat' dir='ltr'><strong>ad</strong></span> <span class='ocrx_word' id='word_1_57' title='bbox 920 2517 1142 2587; x_wconf 86' lang='lat' dir='ltr'><strong>solitudinem</strong></span> <span class='ocrx_word' id='word_1_58' title='bbox 1156 2515 1249 2586; x_wconf 85' lang='lat' dir='ltr'><strong>unde</strong></span> 
     </span>
    </p>
   </div>
   <div class='ocr_carea' id='block_1_9' title="bbox 165 2632 1252 4075">
    <p class='ocr_par' dir='ltr' id='par_1_9' title="bbox 165 2632 1252 4075">
     <span class='ocr_line' id='line_1_12' title="bbox 165 2632 1249 2727; baseline -0.005 -18"><span class='ocrx_word' id='word_1_59' title='bbox 165 2639 292 2709; x_wconf 85' lang='lat' dir='ltr'><strong>latratu</strong></span> <span class='ocrx_word' id='word_1_60' title='bbox 313 2656 440 2707; x_wconf 90' lang='lat' dir='ltr'><strong>oanum</strong></span> <span class='ocrx_word' id='word_1_61' title='bbox 460 2634 662 2727; x_wconf 83' lang='lat' dir='ltr'><strong>sequacium</strong></span> <span class='ocrx_word' id='word_1_62' title='bbox 683 2637 808 2726; x_wconf 89' lang='lat' dir='ltr'><strong>pulsus</strong></span> <span class='ocrx_word' id='word_1_63' title='bbox 827 2645 883 2707; x_wconf 91' lang='lat' dir='ltr'><strong>est</strong></span> <span class='ocrx_word' id='word_1_64' title='bbox 899 2647 1005 2727; x_wconf 84' lang='lat' dir='ltr'><strong>atque</strong></span> <span class='ocrx_word' id='word_1_65' title='bbox 1017 2634 1062 2705; x_wconf 91' lang='lat' dir='ltr'><strong>ad</strong></span> <span class='ocrx_word' id='word_1_66' title='bbox 1076 2632 1249 2705; x_wconf 89' lang='lat' dir='ltr'><strong>silentium</strong></span> 
     </span>
     <span class='ocr_line' id='line_1_13' title="bbox 165 2755 1248 2855; baseline -0.005 -21"><span class='ocrx_word' id='word_1_67' title='bbox 165 2757 393 2855; x_wconf 76' lang='lat' dir='ltr'><strong>aspirantem,</strong></span> <span class='ocrx_word' id='word_1_68' title='bbox 417 2758 565 2851; x_wconf 89' lang='lat' dir='ltr'><strong>epistola</strong></span> <span class='ocrx_word' id='word_1_69' title='bbox 578 2767 636 2828; x_wconf 92' lang='lat' dir='ltr'><strong>tua</strong></span> <span class='ocrx_word' id='word_1_70' title='bbox 655 2779 841 2852; x_wconf 85' lang='lat' dir='ltr'><strong>parumper</strong></span> <span class='ocrx_word' id='word_1_71' title='bbox 858 2758 996 2841; x_wconf 87' lang='lat' dir='ltr'><strong>avortit,</strong></span> <span class='ocrx_word' id='word_1_72' title='bbox 1012 2778 1102 2851; x_wconf 87' lang='lat' dir='ltr'><strong>quae</strong></span> <span class='ocrx_word' id='word_1_73' title='bbox 1116 2755 1248 2828; x_wconf 90' lang='lat' dir='ltr'><strong>utinam</strong></span> 
     </span>
     <span class='ocr_line' id='line_1_14' title="bbox 165 2879 1248 2975; baseline -0.002 -21"><span class='ocrx_word' id='word_1_74' title='bbox 165 2893 235 2954; x_wconf 88' lang='lat' dir='ltr'><strong>tam</strong></span> <span class='ocrx_word' id='word_1_75' title='bbox 256 2883 359 2972; x_wconf 77' lang='lat' dir='ltr'><strong>longa</strong></span> <span class='ocrx_word' id='word_1_76' title='bbox 379 2882 519 2965; x_wconf 82' lang='lat' dir='ltr'><strong>fuisset,</strong></span> <span class='ocrx_word' id='word_1_77' title='bbox 543 2891 597 2966; x_wconf 88' lang='lat' dir='ltr'><strong>ut,</strong></span> <span class='ocrx_word' id='word_1_78' title='bbox 625 2880 722 2973; x_wconf 93' lang='lat' dir='ltr'><strong>quod</strong></span> <span class='ocrx_word' id='word_1_79' title='bbox 741 2880 787 2952; x_wconf 92' lang='lat' dir='ltr'><strong>ad</strong></span> <span class='ocrx_word' id='word_1_80' title='bbox 806 2883 976 2974; x_wconf 76' lang='lat' dir='ltr'><strong>exiguum</strong></span> <span class='ocrx_word' id='word_1_81' title='bbox 998 2891 1138 2975; x_wconf 88' lang='lat' dir='ltr'><strong>tempus</strong></span> <span class='ocrx_word' id='word_1_82' title='bbox 1154 2879 1248 2967; x_wconf 86' lang='lat' dir='ltr'><strong>facit,</strong></span> 
     </span>
     <span class='ocr_line' id='line_1_15' title="bbox 165 3002 1252 3100; baseline -0.001 -26"><span class='ocrx_word' id='word_1_83' title='bbox 165 3024 281 3074; x_wconf 90' lang='lat' dir='ltr'><strong>rerum</strong></span> <span class='ocrx_word' id='word_1_84' title='bbox 315 3025 373 3074; x_wconf 88' lang='lat' dir='ltr'><strong>mo</strong></span> <span class='ocrx_word' id='word_1_85' title='bbox 397 3004 626 3096; x_wconf 87' lang='lat' dir='ltr'><strong>praesentium</strong></span> <span class='ocrx_word' id='word_1_86' title='bbox 645 3002 804 3075; x_wconf 88' lang='lat' dir='ltr'><strong>oblivisci</strong></span> <span class='ocrx_word' id='word_1_87' title='bbox 826 3006 861 3074; x_wconf 92' lang='lat' dir='ltr'><strong>in</strong></span> <span class='ocrx_word' id='word_1_88' title='bbox 882 3015 1088 3100; x_wconf 85' lang='lat' dir='ltr'><strong>perpetuum</strong></span> <span class='ocrx_word' id='word_1_89' title='bbox 1114 3002 1252 3093; x_wconf 78' lang='lat' dir='ltr'><strong>coegis-</strong></span> 
     </span>
     <span class='ocr_line' id='line_1_16' title="bbox 166 3125 1250 3200; baseline -0.001 -4"><span class='ocrx_word' id='word_1_90' title='bbox 166 3130 230 3196; x_wconf 89' lang='lat' dir='ltr'><strong>set.</strong></span> <span class='ocrx_word' id='word_1_91' title='bbox 257 3125 306 3192; x_wconf 90' lang='lat' dir='ltr'><strong>lta</strong></span> <span class='ocrx_word' id='word_1_92' title='bbox 326 3125 417 3194; x_wconf 91' lang='lat' dir='ltr'><strong>enim</strong></span> <span class='ocrx_word' id='word_1_93' title='bbox 439 3148 496 3197; x_wconf 87' lang='lat' dir='ltr'><strong>me</strong></span> <span class='ocrx_word' id='word_1_94' title='bbox 517 3125 636 3198; x_wconf 82' lang='lat' dir='ltr'><strong>saeculi</strong></span> <span class='ocrx_word' id='word_1_95' title='bbox 652 3125 763 3197; x_wconf 91' lang='lat' dir='ltr'><strong>nostri</strong></span> <span class='ocrx_word' id='word_1_96' title='bbox 788 3127 990 3200; x_wconf 87' lang='lat' dir='ltr'><strong>miratorem</strong></span> <span class='ocrx_word' id='word_1_97' title='bbox 1012 3129 1100 3200; x_wconf 84' lang='lat' dir='ltr'><strong>seito</strong></span> <span class='ocrx_word' id='word_1_98' title='bbox 1122 3135 1162 3197; x_wconf 89' lang='lat' dir='ltr'><strong>ut</strong></span> <span class='ocrx_word' id='word_1_99' title='bbox 1185 3126 1250 3196; x_wconf 83' lang='lat' dir='ltr'><strong>vix</strong></span> 
     </span>
     <span class='ocr_line' id='line_1_17' title="bbox 166 3241 1250 3340; baseline 0.001 -25"><span class='ocrx_word' id='word_1_100' title='bbox 166 3243 275 3315; x_wconf 77' lang='lat' dir='ltr'><strong>fuisse</strong></span> <span class='ocrx_word' id='word_1_101' title='bbox 297 3241 428 3334; x_wconf 85' lang='lat' dir='ltr'><strong>aliquid</strong></span> <span class='ocrx_word' id='word_1_102' title='bbox 458 3249 529 3318; x_wconf 84' lang='lat' dir='ltr'><strong>ulla</strong></span> <span class='ocrx_word' id='word_1_103' title='bbox 562 3258 665 3320; x_wconf 85' lang='lat' dir='ltr'><strong>aetate</strong></span> <span class='ocrx_word' id='word_1_104' title='bbox 693 3248 857 3319; x_wconf 88' lang='lat' dir='ltr'><strong>miserius</strong></span> <span class='ocrx_word' id='word_1_105' title='bbox 889 3258 952 3318; x_wconf 85' lang='lat' dir='ltr'><strong>aut</strong></span> <span class='ocrx_word' id='word_1_106' title='bbox 970 3249 1165 3322; x_wconf 83' lang='lat' dir='ltr'><strong>extremius</strong></span> <span class='ocrx_word' id='word_1_107' title='bbox 1186 3269 1250 3340; x_wconf 89' lang='lat' dir='ltr'><strong>pu·</strong></span> 
     </span>
     <span class='ocr_line' id='line_1_18' title="bbox 167 3364 1249 3462; baseline 0 -27"><span class='ocrx_word' id='word_1_108' title='bbox 167 3376 247 3435; x_wconf 89' lang='lat' dir='ltr'><strong>tem.</strong></span> <span class='ocrx_word' id='word_1_109' title='bbox 270 3364 383 3434; x_wconf 89' lang='lat' dir='ltr'><strong>Unum</strong></span> <span class='ocrx_word' id='word_1_110' title='bbox 405 3385 461 3434; x_wconf 86' lang='lat' dir='ltr'><strong>me</strong></span> <span class='ocrx_word' id='word_1_111' title='bbox 481 3370 629 3452; x_wconf 87' lang='lat' dir='ltr'><strong>solatur,</strong></span> <span class='ocrx_word' id='word_1_112' title='bbox 657 3368 752 3461; x_wconf 93' lang='lat' dir='ltr'><strong>quod</strong></span> <span class='ocrx_word' id='word_1_113' title='bbox 769 3369 799 3439; x_wconf 90' lang='lat' dir='ltr'><strong>si</strong></span> <span class='ocrx_word' id='word_1_114' title='bbox 816 3370 912 3440; x_wconf 90' lang='lat' dir='ltr'><strong>nasci</strong></span> <span class='ocrx_word' id='word_1_115' title='bbox 929 3371 1082 3462; x_wconf 88' lang='lat' dir='ltr'><strong>oportuit</strong></span> <span class='ocrx_word' id='word_1_116' title='bbox 1098 3379 1134 3438; x_wconf 89' lang='lat' dir='ltr'><strong>et</strong></span> <span class='ocrx_word' id='word_1_117' title='bbox 1149 3365 1249 3459; x_wconf 87' lang='lat' dir='ltr'><strong>pani-</strong></span> 
     </span>
     <span class='ocr_line' id='line_1_19' title="bbox 169 3485 1250 3563; baseline 0.004 -6"><span class='ocrx_word' id='word_1_118' title='bbox 169 3497 225 3557; x_wconf 85' lang='lat' dir='ltr'><strong>tus</strong></span> <span class='ocrx_word' id='word_1_119' title='bbox 257 3485 493 3554; x_wconf 83' lang='lat' dir='ltr'><strong>necessarium</strong></span> <span class='ocrx_word' id='word_1_120' title='bbox 522 3487 586 3559; x_wconf 85' lang='lat' dir='ltr'><strong>fuit</strong></span> <span class='ocrx_word' id='word_1_121' title='bbox 617 3501 657 3560; x_wconf 90' lang='lat' dir='ltr'><strong>ut</strong></span> <span class='ocrx_word' id='word_1_122' title='bbox 695 3490 922 3563; x_wconf 82' lang='lat' dir='ltr'><strong>inexorabilis</strong></span> <span class='ocrx_word' id='word_1_123' title='bbox 955 3489 1078 3561; x_wconf 81' lang='lat' dir='ltr'>Clotho</span> <span class='ocrx_word' id='word_1_124' title='bbox 1103 3508 1168 3560; x_wconf 91' lang='lat' dir='ltr'><strong>nos</strong></span> <span class='ocrx_word' id='word_1_125' title='bbox 1206 3490 1250 3561; x_wconf 91' lang='lat' dir='ltr'><strong>ad</strong></span> 
     </span>
     <span class='ocr_line' id='line_1_20' title="bbox 168 3604 1251 3706; baseline 0.002 -27"><span class='ocrx_word' id='word_1_126' title='bbox 168 3607 370 3702; x_wconf 86' lang='lat' dir='ltr'><strong>praedurum</strong></span> <span class='ocrx_word' id='word_1_127' title='bbox 392 3604 498 3677; x_wconf 87' lang='lat' dir='ltr'><strong>huius</strong></span> <span class='ocrx_word' id='word_1_128' title='bbox 521 3608 604 3679; x_wconf 73' lang='lat' dir='ltr'><strong>vitae</strong></span> <span class='ocrx_word' id='word_1_129' title='bbox 628 3611 731 3682; x_wconf 89' lang='lat' dir='ltr'><strong>limen</strong></span> <span class='ocrx_word' id='word_1_130' title='bbox 759 3613 967 3706; x_wconf 83' lang='lat' dir='ltr'><strong>impeileret‚</strong></span> <span class='ocrx_word' id='word_1_131' title='bbox 999 3633 1064 3683; x_wconf 89' lang='lat' dir='ltr'><strong>neo</strong></span> <span class='ocrx_word' id='word_1_132' title='bbox 1093 3610 1189 3702; x_wconf 88' lang='lat' dir='ltr'><strong>prius</strong></span> <span class='ocrx_word' id='word_1_133' title='bbox 1215 3611 1251 3681; x_wconf 91' lang='lat' dir='ltr'><strong>in</strong></span> 
     </span>
     <span class='ocr_line' id='line_1_21' title="bbox 168 3730 1250 3824; baseline 0.007 -24"><span class='ocrx_word' id='word_1_134' title='bbox 168 3733 279 3802; x_wconf 82' lang='lat' dir='ltr'><strong>iucem</strong></span> <span class='ocrx_word' id='word_1_135' title='bbox 299 3751 482 3824; x_wconf 89' lang='lat' dir='ltr'><strong>erumpere</strong></span> <span class='ocrx_word' id='word_1_136' title='bbox 506 3730 626 3802; x_wconf 88' lang='lat' dir='ltr'><strong>datum</strong></span> <span class='ocrx_word' id='word_1_137' title='bbox 654 3743 744 3818; x_wconf 88' lang='lat' dir='ltr'><strong>erat,</strong></span> <span class='ocrx_word' id='word_1_138' title='bbox 780 3738 895 3808; x_wconf 89' lang='lat' dir='ltr'><strong>minus</strong></span> <span class='ocrx_word' id='word_1_139' title='bbox 929 3734 1009 3807; x_wconf 86' lang='lat' dir='ltr'><strong>mali</strong></span> <span class='ocrx_word' id='word_1_140' title='bbox 1030 3734 1134 3807; x_wconf 86' lang='lat' dir='ltr'><strong>fuerit</strong></span> <span class='ocrx_word' id='word_1_141' title='bbox 1157 3757 1250 3808; x_wconf 90' lang='lat' dir='ltr'><strong>nunc</strong></span> 
     </span>
     <span class='ocr_line' id='line_1_22' title="bbox 169 3856 1248 3951; baseline 0.003 -26"><span class='ocrx_word' id='word_1_142' title='bbox 169 3865 267 3925; x_wconf 87' lang='lat' dir='ltr'><strong>natos</strong></span> <span class='ocrx_word' id='word_1_143' title='bbox 293 3872 500 3946; x_wconf 86' lang='lat' dir='ltr'><strong>essequam</strong></span> <span class='ocrx_word' id='word_1_144' title='bbox 521 3862 652 3949; x_wconf 77' lang='lat' dir='ltr'><strong>postea.</strong></span> <span class='ocrx_word' id='word_1_145' title='bbox 671 3856 765 3926; x_wconf 83' lang='lat' dir='ltr'><strong>Talia</strong></span> <span class='ocrx_word' id='word_1_146' title='bbox 785 3858 830 3929; x_wconf 85' lang='lat' dir='ltr'><strong>de</strong></span> <span class='ocrx_word' id='word_1_147' title='bbox 856 3858 1056 3951; x_wconf 72' lang='lat' dir='ltr'><strong>posteritate</strong></span> <span class='ocrx_word' id='word_1_148' title='bbox 1078 3859 1248 3931; x_wconf 84' lang='lat' dir='ltr'><strong>coniecto:</strong></span> 
     </span>
     <span class='ocr_line' id='line_1_23' title="bbox 171 3976 1251 4075; baseline 0.005 -29"><span class='ocrx_word' id='word_1_149' title='bbox 171 3976 304 4068; x_wconf 88' lang='lat' dir='ltr'><strong>trepido</strong></span> <span class='ocrx_word' id='word_1_150' title='bbox 325 3976 455 4049; x_wconf 88' lang='lat' dir='ltr'><strong>utinam</strong></span> <span class='ocrx_word' id='word_1_151' title='bbox 477 3978 578 4050; x_wconf 89' lang='lat' dir='ltr'><strong>ludar</strong></span> <span class='ocrx_word' id='word_1_152' title='bbox 599 3976 756 4068; x_wconf 80' lang='lat' dir='ltr'><strong>augurio.</strong></span> <span class='ocrx_word' id='word_1_153' title='bbox 780 3979 848 4050; x_wconf 87' lang='lat' dir='ltr'><strong>Sed</strong></span> <span class='ocrx_word' id='word_1_154' title='bbox 868 3980 959 4052; x_wconf 87' lang='lat' dir='ltr'><strong>hano</strong></span> <span class='ocrx_word' id='word_1_155' title='bbox 979 3983 1062 4053; x_wconf 90' lang='lat' dir='ltr'><strong>mihi</strong></span> <span class='ocrx_word' id='word_1_156' title='bbox 1086 4003 1183 4075; x_wconf 89' lang='lat' dir='ltr'><strong>spem</strong></span> <span class='ocrx_word' id='word_1_157' title='bbox 1205 3981 1251 4052; x_wconf 86' lang='lat' dir='ltr'><strong>do</strong></span> 
     </span>
    </p>
   </div>
   <div class='ocr_carea' id='block_1_10' title="bbox 172 4098 1248 4272">
    <p class='ocr_par' dir='ltr' id='par_1_10' title="bbox 172 4098 1248 4272">
     <span class='ocr_line' id='line_1_24' title="bbox 172 4098 1248 4189; baseline 0.002 -21"><span class='ocrx_word' id='word_1_158' title='bbox 172 4119 210 4168; x_wconf 85' lang='lat' dir='ltr'><strong>se</strong></span> <span class='ocrx_word' id='word_1_159' title='bbox 231 4110 348 4169; x_wconf 86' lang='lat' dir='ltr'><strong>nostra</strong></span> <span class='ocrx_word' id='word_1_160' title='bbox 370 4098 489 4171; x_wconf 90' lang='lat' dir='ltr'><strong>tribuit</strong></span> <span class='ocrx_word' id='word_1_161' title='bbox 509 4099 689 4184; x_wconf 86' lang='lat' dir='ltr'><strong>iuventus,</strong></span> <span class='ocrx_word' id='word_1_162' title='bbox 707 4122 750 4172; x_wconf 87' lang='lat' dir='ltr'><strong>ea</strong></span> <span class='ocrx_word' id='word_1_163' title='bbox 771 4101 923 4189; x_wconf 85' lang='lat' dir='ltr'><strong>indoles,</strong></span> <span class='ocrx_word' id='word_1_164' title='bbox 944 4105 981 4176; x_wconf 93' lang='lat' dir='ltr'><strong>hi</strong></span> <span class='ocrx_word' id='word_1_165' title='bbox 1008 4127 1123 4178; x_wconf 91' lang='lat' dir='ltr'><strong>mores</strong></span> <span class='ocrx_word' id='word_1_166' title='bbox 1151 4112 1248 4183; x_wconf 85' lang='lat' dir='ltr'><strong>sunt,</strong></span> 
     </span>
     <span class='ocr_line' id='line_1_25' title="bbox 298 4229 1089 4272; baseline 0.006 -5"><span class='ocrx_word' id='word_1_167' title='bbox 298 4231 332 4267; x_wconf 85' lang='grc' dir='ltr'>ΙΙΙ.</span> <span class='ocrx_word' id='word_1_168' title='bbox 1080 4229 1089 4272; x_wconf 80' lang='lat' dir='ltr'><strong>i</strong></span> 
     </span>
    </p>
   </div>
   <div class='ocr_carea' id='block_1_11' title="bbox 352 4316 502 4472">
    <p class='ocr_par' dir='ltr' id='par_1_11' title="bbox 352 4316 502 4472">
     <span class='ocr_line' id='line_1_26' title="bbox 352 4316 502 4472; baseline 0.04 -40"><span class='ocrx_word' id='word_1_169' title='bbox 352 4316 502 4472; x_wconf 61' lang='lat' dir='ltr'><strong>tito</strong></span> 
     </span>
    </p>
   </div>
   <div class='ocr_carea' id='block_1_12' title="bbox 0 0 1352 4688">
    <p class='ocr_par' dir='ltr' id='par_1_12' title="bbox 0 0 1352 4688">
     <span class='ocr_line' id='line_1_27' title="bbox 0 0 1352 4688; baseline 0 0"><span class='ocrx_word' id='word_1_170' title='bbox 0 0 1352 4688; x_wconf 95' lang='lat' dir='ltr'><strong> </strong></span> 
     </span>
    </p>
   </div>
  </div>
 </body>
</html>
