2670 4688
213 267 305 315 claun
327 265 491 315 vrcusmus
512 264 898 316 securibus—smmum
919 269 982 317 xrv.
1078 256 1134 318 llll

10 392 13 397 ⁸
57 432 161 503 quam
181 409 333 482 bostium
355 409 576 488 domitorem,
596 419 634 477 ut
654 408 688 477 in
706 430 791 500 pace
809 411 927 495 etiam,
947 431 1014 482 non
1033 411 1137 483 modo

58 533 212 626 plebeios
235 532 298 604 sed
325 552 388 602 nec
412 532 607 600 inamoenos
633 529 775 622 quidem
799 542 835 603 et
860 533 1012 605 insulsos
1037 533 1137 631 cibos

59 668 317 749 aspernaretur.
339 655 540 743 Augustum
559 651 626 722 cibi
648 652 781 722 minimi
802 676 843 724 ae
866 658 1023 746 vulgaris
1048 659 1136 741 lere,

59 778 165 869 etqui
181 775 374 847 secundum
393 796 519 868 panem
533 784 569 845 et
582 775 766 867 pisciculos
781 776 933 847 minutos
946 786 983 847 et
993 798 1136 849 caseum

59 898 228 970 bubulum
252 921 354 969 manu
377 919 539 989 pressum
560 907 595 967 et
616 893 704 968 ficus
724 897 857 970 virides
877 896 1005 970 biferas
1026 901 1140 972 maxi-

62 1045 117 1093 me
137 1019 331 1114 appetebat.
347 1019 559 1090 Hadrianum
575 1040 679 1110 parce
697 1041 739 1090 ac
757 1020 950 1092 militariter
962 1020 1138 1093 viventem

61 1145 219 1234 cibisque
235 1141 475 1215 castrensibus
498 1142 533 1212 in
552 1143 733 1234 propatulo
753 1140 900 1214 libenter
917 1143 965 1214 uli
985 1144 1138 1227 solitum,

63 1266 197 1337 hocest
211 1266 319 1350 lardo,
341 1287 446 1336 caseo
466 1275 501 1335 et
522 1285 644 1355 posca,
665 1267 829 1357 exemplo
846 1265 1015 1358 Scipionis
1032 1266 1141 1338 AEmi-

62 1390 142 1460 liani
164 1403 199 1460 et
223 1389 348 1460 Metelli
375 1399 411 1458 et
435 1388 588 1458 auctoris
615 1387 669 1457 sui
697 1388 844 1458 Traiani.
871 1389 954 1459 llaec
978 1390 1072 1459 enim
1096 1389 1142 1461 de
1255 1413 1260 1428 ·

63 1514 120 1597 iis,
140 1523 177 1584 ut
199 1513 351 1583 minores
373 1512 509 1594 sileam,
537 1532 556 1581 a
583 1511 762 1602 praeclaris
781 1509 992 1583 arretoribus-
1013 1513 1140 1608 scripta

63 1649 155 1708 sunt.
176 1637 287 1718 Quem
308 1656 394 1705 vero
407 1655 476 1704 non
490 1632 638 1725 puderet
651 1635 801 1726 turpium
816 1616 1036 1707 dominorum
1049 1638 1142 1728 gulae

63 1781 104 1830 uc
123 1759 256 1829 ventris
278 1778 359 1828 esse
380 1756 605 1849 mancipium,
629 1754 710 1826 dum
738 1756 875 1827 audiret
900 1769 961 1828 aul
983 1770 1145 1830 cerneret

64 1889 178 1953 tantos
206 1882 433 1972 imperatores
459 1881 506 1950 ita
531 1880 677 1950 vivere‘l
702 1881 945 1950 Assueverant
972 1891 1144 1974 praetereu

64 2002 190 2074 milites
216 2024 278 2093 pro
305 2002 471 2094 qualitate
500 2002 663 2072 facinoris
698 2022 834 2094 poeuam
868 2011 929 2073 aut
961 2003 1143 2096 praemium

64 2149 218 2221 sperare.
240 2128 360 2219 Neque
377 2127 468 2198 enim
490 2138 550 2197 eut
570 2127 743 2197 occuitum
760 2125 906 2219 aliquid,
934 2135 996 2196 aut
1027 2127 1147 2218 negle·
1238 2110 1241 2115 ’

64 2262 157 2322 etum
181 2249 333 2320 iudicum
366 2248 433 2318 sub
449 2248 682 2320 aestimationc
701 2258 874 2320 lautorum
896 2245 980 2339 fingi
1001 2258 1145 2339 poterat.

64 2373 262 2443 Cernebant
282 2381 418 2441 statues
439 2369 629 2460 insignium
651 2370 874 2452 bellatorum,
896 2368 1065 2442 videbant
1089 2392 1147 2440 co·

66 2513 170 2564 renas
189 2492 333 2569 civicas,
352 2491 518 2569 murales,
533 2490 780 2561 obsidionales.
795 2491 994 2562 Audiebant
1006 2493 1146 2562 Cosiom

67 2614 227 2683 Scaevam
242 2609 288 2680 ob
302 2609 490 2679 inauditam
504 2616 540 2679 et
553 2610 758 2701 stupendam
773 2634 938 2704 pugnam,
954 2634 1023 2704 qua
1038 2621 1147 2683 totum

67 2731 254 2805 Britannici
271 2732 448 2804 exercitus
462 2732 627 2826 impetum
644 2753 713 2802 uuo
725 2746 866 2827 pectore
879 2753 1018 2826 unoque
1036 2734 1149 2806 victor

66 2856 218 2931 umbone
243 2858 456 2951 propulerat,
485 2855 531 2927 ab
563 2857 622 2927 illo
656 2857 792 2928 martiae
822 2859 963 2929 virtutis
993 2857 1148 2930 aestima-

69 2995 142 3053 tore
163 2980 357 3074 praecipuo‚
378 2980 479 3050 cuius
497 2991 598 3072 gesta
620 2978 818 3051 subuculis
840 3002 896 3053 res
917 2992 1003 3065 erat,
1021 2981 1149 3053 Centu-

68 3104 223 3174 rionatus
251 3100 447 3192 insignibus
474 3113 694 3173 exornatum.
723 3104 869 3175 Lucium
897 3105 1082 3175 Dentatum
1103 3101 1149 3173 ob

68 3226 270 3295 innumeras
300 3225 594 3317 incredibilesque
625 3226 804 3311 victorias,
836 3248 904 3297 non
933 3225 1035 3297 unius
1060 3224 1150 3294 mili·

69 3349 128 3431 tis,
153 3346 216 3417 scd
235 3347 384 3436 integrm
405 3334 552 3438 legionis
572 3347 713 3418 exuviis
733 3360 909 3421 onustum.
930 3349 986 3418 Ex
1005 3346 1150 3419 diverso

69 3481 186 3541 autem
202 3478 339 3561 propter
353 3469 528 3558 ignaviam
543 3480 681 3541 notatas
696 3471 835 3542 infamia
850 3471 1017 3561 legiones,
1030 3468 1151 3540 adem·

69 3606 147 3686 ptos
173 3611 301 3684 equos,
324 3611 436 3674 arma,
457 3594 578 3684 patriae
595 3604 834 3685 conspectum,
855 3611 982 3685 pugnae
996 3588 1148 3682 copiam:

71 3717 243 3810 siquidem
266 3725 301 3787 et
322 3723 502 3808 promptus
524 3716 569 3786 ad
582 3715 724 3809 praemia
742 3714 869 3807 estqui
888 3713 1031 3806 praemio
1044 3712 1150 3805 digua

72 3841 271 3925 meditatur,
293 3849 329 3910 et
347 3837 458 3908 durus
480 3838 525 3908 ad
546 3837 684 3907 veniam
707 3838 766 3931 qui
780 3840 836 3908 vel
852 3838 898 3907 nil
913 3836 1150 3927 reuiaeegens
1234 3847 1241 3918 j

72 3964 157 4053 agit,
180 3964 236 4033 vel
259 3964 286 4031 si
314 3960 398 4055 quid
423 3959 608 4042 erraverit,
632 3960 715 4030 nibil
738 3961 813 4056 ipse
839 3959 903 4031 sibi
927 3980 1073 4053 parcere
1095 3979 1152 4031 so·

72 4085 149 4155 leat.
172 4086 316 4178 Semper
337 4085 443 4177 igitur
463 4093 498 4154 et
520 4082 671 4155 hostium
695 4083 815 4176 spoliis
836 4095 871 4155 et
895 4082 1026 4156 meritis
1054 4094 1151 4173 terga
