2670 4688
135 275 194 334 332!
621 281 782 329 tttttattt'tt

31 430 43 445 “
137 444 172 502 tu
190 430 349 509 dictasti,
373 428 466 500 lilius
490 440 569 499 tuus
589 429 649 518 qui
674 437 709 497 et
729 447 828 498 meus
850 438 909 497 est
931 428 1061 515 titius,
1087 434 1160 503 nisi
1190 437 1248 504 lal-

136 556 208 630 lor,
232 551 380 642 scripsit.
410 550 548 620 Litteris
577 550 659 620 tanti
691 549 798 642 patris
825 554 1016 622 reverenti
1046 565 1162 636 metu,
1186 556 1246 626 sed

137 696 203 743 nou
231 674 305 742 sine
333 673 483 764 quadam
517 671 643 740 fiducia
669 682 851 764 concepta,
878 694 952 742 non
990 674 1041 744 de
1067 679 1155 747 ullis
1177 701 1246 747 me-

138 797 212 866 ritis
235 796 336 873 mele,
364 792 426 864 sed
447 794 491 863 de
514 794 588 863 sola
609 793 719 885 ipsius
741 802 776 862 et
796 793 878 863 olim
900 806 939 863 et
960 818 1067 869 nunc
1090 801 1244 871 maxime

138 918 276 1009 cognita
298 916 379 985 milii
402 916 616 985 humanitate
639 916 851 1006 respondem
872 917 963 1007 quid
987 940 1067 991 non
1090 921 1187 993 dico:
1210 935 1243 991 tu

137 1043 197 1133 qui
216 1062 299 1110 suas
313 1040 466 1121 dictasti,
483 1041 601 1109 literas
615 1059 711 1110 meas
727 1041 832 1129 leges.
852 1039 1007 1111 Permisi
1029 1045 1124 1114 mibi
1146 1047 1243 1139 paulo

140 1165 282 1234 liberius
316 1161 479 1252 evagari,
513 1182 620 1253 quam
658 1161 879 1231 considerata
915 1161 1037 1256 ipsius
1068 1142 1242 1259 magnitu-

139 1287 220 1357 dine
237 1285 458 1355 debuissem:
475 1283 538 1352 sed
560 1284 811 1353 humanitatem
826 1284 939 1353 solam
957 1296 997 1356 et
1015 1290 1239 1361 clementiam

140 1408 310 1499 cogitari:
339 1429 381 1475 ne
415 1415 539 1475 tamem
577 1405 719 1475 nimium
754 1405 975 1496 multiloquio
1013 1410 1239 1502 importunus

142 1527 279 1610 fierem,
303 1527 446 1595 lraeoati
470 1527 652 1618 impetum,
674 1537 710 1596 et
738 1527 770 1595 in
798 1527 903 1597 finem
931 1531 1059 1600 remisi
1088 1554 1176 1604 eum
1201 1533 1239 1603 ad

140 1651 205 1719 has
233 1659 309 1718 tuas
332 1648 465 1719 litteras
489 1661 525 1718 ut
551 1649 699 1720 videbis.
728 1652 869 1720 Summa
903 1662 1025 1721 autem
1056 1653 1143 1726 haec
1176 1665 1236 1726 est.

140 1770 227 1861 Ego,
246 1773 363 1852 irater,
381 1771 410 1839 si
427 1772 513 1862 quid
527 1770 610 1841 milii
623 1768 667 1841 ad
686 1771 792 1840 vitam
813 1769 918 1839 unius
930 1771 1098 1843 canonici
1114 1775 1237 1847 deesse

142 1894 265 1977 dicam,
289 1895 448 1975 mentiar3
468 1896 531 1965 sed
552 1895 580 1964 si
602 1895 743 1977 dixero,
765 1915 820 1964 me
838 1896 956 1985 plures
976 1894 1120 1970 habere
1144 1912 1237 1971 notos

142 2032 178 2091 et
203 2023 303 2111 plura
328 2020 408 2091 inde
435 2020 640 2110 gravamina
661 2039 767 2110 quam
795 2028 904 2089 totum
925 2019 999 2088 lere
1021 2022 1235 2113 capitulum,

143 2143 330 2231 cuiusego
352 2161 432 2234 pars
463 2163 558 2223 sum,
595 2141 738 2212 forsitan
773 2162 840 2211 nou
867 2141 1039 2223 mentiar;
1077 2165 1167 2236 quae
1196 2168 1236 2216 au

143 2262 317 2333 declinare
345 2264 412 2333 ulla
435 2274 509 2333 arte
533 2263 666 2331 valeam
690 2266 823 2353 ignoro.
846 2263 946 2354 Saepe
973 2276 1072 2335 certe
1094 2269 1237 2338 tentanti

145 2408 320 2477 nunquam
347 2385 516 2458 hactenus
541 2385 726 2469 successit,
760 2383 850 2457 unde
871 2384 956 2454 mihi
983 2407 1057 2458 non
1082 2389 1237 2482 exiguus

146 2510 228 2581 vitae
251 2510 362 2594 labor,
381 2524 417 2583 et
442 2510 604 2604 quamvis
626 2509 769 2581 forsitan
791 2508 966 2598 gloriosa,
992 2518 1111 2581 nmen
1145 2510 1236 2584 haud

145 2632 251 2705 ‹lubie
274 2635 421 2707 taediosa
438 2634 662 2728 perplexitas.
677 2631 713 2701 Si
726 2649 879 2724 quaeras
896 2650 978 2697 num
994 2631 1095 2720 quod
1117 2645 1236 2717 restat,

147 2757 295 2828 transire
317 2758 460 2849 possim,
480 2766 518 2826 ut
531 2776 623 2826 nunc
639 2776 749 2845 usque
771 2751 931 2829 transivi;
946 2770 1094 2842 possum
1118 2757 1236 2846 plane,

147 2882 211 2951 sed
244 2880 511 2971 haudquaquam
546 2877 678 2947 lacilius
715 2898 820 2968 quarn
854 2873 957 2951 olim,
996 2871 1107 2948 immo
1156 2900 1239 2950 vero

147 3000 335 3081 difficilius
362 3001 457 3090 quod
477 3013 512 3069 et
539 2997 675 3068 sarcina
706 2999 740 3065 in
775 2998 850 3067 dies
884 3008 1043 3087 augetur,
1074 3009 1112 3070 et
1140 3004 1238 3074 vires

151 3124 360 3192 minuuntur.
380 3119 499 3191 Habeo
520 3119 575 3188 hic
597 3117 834 3209 praebendam,
850 3140 930 3211 quae
948 3118 1030 3187 milti
1052 3143 1186 3213 panem
1207 3136 1241 3195 et

150 3246 270 3315 vinum
291 3244 351 3315 dat
370 3264 438 3314 non
457 3243 568 3313 solum
590 3239 635 3311 ad
658 3244 840 3323 utendum,
873 3238 1060 3313 sedetiam
1083 3245 1133 3317 ad
1151 3270 1240 3319 veu-

149 3369 313 3439 deudum.
333 3364 531 3436 desidentia
550 3363 633 3434 mihi
652 3364 781 3456 aliquid
797 3367 936 3445 valeret,
953 3365 1015 3436 sed
1029 3388 1098 3455 ego
1119 3368 1239 3451 urbes,

152 3493 200 3559 uti
226 3491 402 3579 ergastula
418 3485 525 3577 logio,
550 3497 586 3557 et
604 3486 715 3577 magis
742 3487 834 3579 eligo
856 3487 1007 3558 solitario
1038 3486 1072 3554 in
1097 3512 1184 3562 rure
1211 3494 1241 3563 si

117 3625 306 3704 ,oporteat
326 3610 475 3693 esurire,
498 3631 603 3702 quam
625 3610 658 3679 in
683 3609 827 3680 urbibus
846 3608 1045 3681 abundare:
1066 3615 1242 3701 quamvis

150 3738 355 3827 nuttelega,
390 3735 494 3806 nullae
525 3753 582 3802 me
611 3730 754 3803 latebrae
783 3753 803 3801 a
836 3753 1008 3802 concursu
1037 3742 1241 3825 protegant.

151 3852 271 3925 liabeo
293 3858 452 3936 lamulos,
475 3854 550 3924 sine
570 3852 699 3945 quibus
721 3854 850 3925 utinam
869 3854 992 3925 vivere
1011 3874 1156 3946 possem
1177 3871 1245 3931 aut

152 3974 294 4043 scirem:
318 3978 430 4047 hulmo
450 3998 558 4068 equos
577 3977 720 4069 quando
746 3977 943 4070 pauciores,
971 3979 1060 4049 duos
1092 3982 1241 4055 saltem:

151 4103 182 4157 rt
205 4104 237 4161 ut
262 4096 381 4167 sileam
400 4120 481 4191 rpite
502 4109 584 4171 sunt
605 4098 761 4171 historiar
783 4099 960 4187 longioris.
986 4103 1080 4171 soleo
1101 4101 1242 4177 habere
