2670 4688
479 293 632 343 mussona
654 295 727 342 xxv.
981 263 988 269 ’
1088 278 1144 340 367

67 444 187 517 amieis
205 442 251 514 de
272 440 379 513 rebus
410 443 498 512 meis
523 439 701 525 omnibus,
724 441 770 512 de
795 441 924 533 quibus
956 442 1031 513 baeo
1055 461 1147 535 prae-

67 567 179 659 cipua,
202 565 417 637 satisfactum
441 565 565 658 cupio;
587 584 669 656 quae
689 562 773 633 mibi
798 585 883 634 cura
905 563 1146 656 frequentibus

66 687 255 760 amicorum
291 683 415 757 litteris
443 687 559 758 excita
592 685 752 779 suggerit
785 694 823 755 ut
855 706 963 776 quum
1001 687 1147 778 singulis

67 813 278 907 respondere
289 810 427 882 difficile
442 822 509 893 est,
528 832 640 903 eoque
654 809 765 900 magis
778 808 874 900 quod
895 809 929 878 in
942 829 1047 879 unam
1065 829 1147 879 sen·
1273 901 1277 911 Ι

68 934 210 1005 tentiam
232 934 327 1004 multi
350 952 446 1026 saepe
467 932 682 1016 coincidunt,
702 931 805 1001 simul
824 930 986 1001 omnibus
1004 951 1148 1024 respon·

67 1054 187 1139 deam,
205 1068 240 1126 et
257 1055 302 1133 de
319 1053 451 1127 ratione
468 1056 551 1126 vitae
570 1075 658 1125 meae
677 1055 812 1144 integro
829 1053 1006 1124 volumine
1026 1052 1148 1144 dispu-

70 1187 148 1258 tem,
162 1176 256 1269 quod
270 1187 350 1248 ante
363 1199 427 1260 me,
443 1188 481 1249 ut
495 1176 653 1257 arbitror,
669 1175 751 1247 lecit
763 1197 876 1246 nemo.
892 1175 961 1245 Sed
974 1174 1058 1266 quid
1071 1174 1148 1245 vis‘l

69 1298 168 1367 Nune
193 1297 367 1388 intelligo:
402 1319 551 1389 magnus
583 1295 682 1369 labor
706 1304 762 1365 est
793 1296 924 1367 vivere.
946 1294 1048 1378 Quod
1068 1315 1147 1388 pro·

70 1419 205 1491 ximum
221 1422 254 1518 io
271 1421 338 1490 tuis
353 1419 477 1491 litteris
489 1429 564 1492 erat
576 1419 835 1510 elegantissime
851 1416 1035 1501 cavillaris,
1053 1417 1147 1509 quod

70 1566 91 1613 a
105 1543 270 1612 Cicerone
288 1541 431 1625 scilicet,
446 1541 513 1612 etsi
530 1563 599 1612 non
618 1562 768 1623 merear,
783 1552 924 1635 propter
937 1539 1149 1609 coniunctio-

70 1685 150 1735 nem
180 1672 294 1735 tamen
326 1663 468 1734 nimiam
501 1665 610 1734 laesus
647 1663 737 1733 sim:
768 1661 1023 1734 coniunctiores
1054 1661 1147 1732 enirn

70 1807 166 1881 saepe
185 1806 263 1867 nos,
281 1796 319 1856 ut
335 1784 411 1880 ipse
431 1787 494 1868 ais,
517 1785 694 1869 infestant,
715 1807 904 1878 rarumque
920 1796 975 1856 est
990 1783 1094 1855 ‘valde
1112 1792 1149 1853 et

71 1902 247 1980 insolitum
275 1918 312 1978 ut
340 1907 445 1978 ludus
471 1908 663 2000 Hispanum
694 1907 807 1978 laedat.
838 1907 895 1978 Sic
925 1917 981 1979 est
1008 1906 1146 1998 utique;

72 2030 164 2101 unda
183 2029 222 2100 fit
241 2041 280 2101 ut
301 2029 566 2102 Atheniensium
586 2042 623 2102 et
641 2031 932 2104 Lacedaemonum
955 2030 1045 2101 bella
1064 2028 1147 2100 dum

71 2151 233 2243 legimns
255 2163 290 2223 et
309 2160 522 2224 nostrarum
546 2155 718 2246 prox-imis
750 2154 834 2225 dum
863 2153 1051 2236 cernimus,
1079 2172 1148 2223 non

71 2274 247 2359 miremur,
273 2277 452 2368 multoque
481 2276 596 2346 minus
617 2275 706 2348 bella
730 2276 845 2347 civilia
874 2286 1061 2367 motusque
1086 2273 1150 2344 do-

71 2397 248 2479 mesticos,
275 2416 365 2488 quos
394 2396 483 2467 adeo
507 2419 575 2467 non
601 2398 776 2469 mirabiles
800 2418 887 2487 usus
914 2399 1005 2479 lecit,
1038 2404 1076 2465 ut
1104 2395 1150 2464 sit

71 2522 186 2614 potins
206 2518 389 2591 concordia
404 2519 479 2610 ipsa
493 2517 671 2591 mirabilis.
695 2518 740 2590 llt
758 2519 841 2590 dum
861 2517 1014 2612 Scythiae
1033 2537 1149 2606 regern

71 2643 236 2738 AEgyptio
256 2643 328 2734 regi
355 2653 632 2726 concurrentem,
656 2642 740 2713 dum
767 2639 1005 2710 Alexandrum
1036 2638 1151 2708 Mace·

70 2764 197 2836 donem
218 2764 325 2837 Indiae
340 2765 458 2835 ultima
472 2774 711 2858 penetrantem
730 2763 887 2856 legimus,
902 2773 1024 2858 stupor
1042 2759 1148 2844 subit,

71 2910 176 2981 quem
195 2891 229 2959 in
246 2890 377 2961 nostris
395 2888 548 2962 historiis
573 2888 790 2963 consuetudo
820 2886 1002 2960 notissima
1020 2898 1056 2959 et
1072 2907 1151 2979 spe-

73 3018 164 3080 ctata
179 3012 376 3104 longinquis
394 3011 680 3107 expeditionibus
697 3032 839 3084 romana
855 3011 970 3082 virtus
989 3008 1150 3082 extinxit.

74 3130 145 3199 Huc
167 3140 203 3199 tu
223 3132 327 3221 igitur
347 3145 421 3205 arte
441 3157 497 3206 me
519 3136 656 3218 solaris,
682 3135 777 3228 quod
802 3134 952 3227 abipso,
975 3152 1045 3224 quo
1071 3151 1150 3202 cum

74 3251 260 3344 percupide
277 3276 407 3340 versor,
427 3257 589 3330 Cicerone
606 3259 672 3328 sim
690 3258 841 3329 offensus
854 3277 959 3348 quem
975 3273 1151 3344 nunquam

74 3374 314 3464 Hippocrates
334 3399 510 3469 nunquam
532 3379 741 3452 lllbumasar
764 3379 915 3451 offendet
933 3388 971 3449 ut
986 3394 1158 3467 auguror„

75 3496 143 3568 Sed
171 3509 207 3566 ut
226 3496 365 3567 omissis
391 3496 475 3569 iocis
500 3523 572 3571 rem
595 3503 705 3595 ipsam
729 3505 830 3598 plane
852 3478 1003 3582 noveris,
1024 3499 1153 3568 vulnus

75 3620 159 3691 illud
181 3618 441 3690 Ciceronianum
459 3619 590 3712 dequo
608 3622 727 3694 ludere
748 3625 912 3705 solebam,
929 3621 1049 3692 ludum
1069 3617 1153 3688 mibi

75 3745 180 3814 vertit
196 3745 229 3812 in
248 3744 388 3813 luctum.
404 3743 527 3813 Parum
541 3744 661 3816 deerat
677 3745 757 3815 anni
775 3746 904 3817 circulo
921 3743 1005 3814 dum
1025 3742 1058 3810 in
1077 3739 1153 3812 dies

77 3866 176 3956 peius
198 3865 342 3947 hebens,
366 3864 455 3936 inter
477 3866 581 3935 taedia
601 3875 636 3936 et
656 3889 817 3958 angores,
837 3868 927 3937 inter
950 3863 1102 3935 medicos
1119 3873 1155 3933 et

76 3989 228 4056 fomenta
253 4009 484 4059 senescerem.
513 3987 567 4057 Ad
596 3999 814 4072 extremum,
844 3987 928 4058 dum
954 4006 1024 4056 non
1052 3984 1154 4056 modo

78 4109 222 4193 fastidii,
246 4113 308 4182 sed
330 4111 412 4185 vitae
433 4134 574 4207 quoque
596 4123 783 4207 pertaesum
806 4122 912 4196 esset,
948 4109 1052 4182 statui
1079 4109 1155 4179 sine
