2670 4688
307 343 399 394 mom
420 342 944 394 vrcssruusrenrms.—nmsrom
966 345 1006 393 rv.
1139 331 1196 394 lot

535 631 713 697 uPlsToLA
732 631 779 695 Ν.

271 800 464 852 runnclscos
486 800 658 850 ruraliter.
678 800 902 851 Boumconrlto
926 802 952 852 S.
974 804 1002 852 P.
1024 804 1054 852 D.

291 942 453 998 Gratulatur
466 956 483 996 a
497 941 628 997 servitute
643 942 672 996 in
685 941 842 997 libertatem
857 942 1026 998 restitutum.

222 1204 293 1274 lam
315 1225 394 1275 sero
414 1203 505 1286 licet,
527 1204 657 1297 optime
680 1203 745 1286 vir,
768 1203 889 1273 vivere
909 1203 1049 1295 incipis:
1071 1202 1202 1294 gaude:

123 1327 209 1399 satis
229 1339 283 1397 est
301 1326 406 1410 enim,
436 1326 539 1398 modo
564 1325 709 1420 incipias
734 1334 920 1418 antequam
946 1325 1097 1398 desinas.
1120 1327 1205 1410 Qui·

123 1449 203 1521 dam
224 1461 331 1532 certe,
352 1460 390 1521 ut
408 1448 567 1520 Annaeus
584 1448 642 1530 ait,
663 1455 743 1519 ante
759 1446 942 1518 desierunt
957 1470 1062 1541 quam
1075 1447 1203 1542 incipe·

124 1583 211 1643 rent.
239 1574 308 1643 lam
341 1573 488 1645 classico
512 1593 584 1641 non
607 1569 832 1663 obstrepente
856 1592 922 1642 neo
953 1570 1204 1664 stringentibus

122 1695 228 1777 curis,
244 1695 400 1786 integros
414 1708 450 1765 et
471 1694 675 1788 tranquillos
692 1703 727 1764 et
739 1692 894 1788 placidos
913 1714 1056 1766 somnos
1072 1693 1202 1787 carpis:

123 1817 189 1888 iam
215 1819 314 1888 laetos
339 1817 416 1888 dies
445 1837 656 1909 securasque
682 1825 801 1888 noctes
826 1815 919 1907 agis:
946 1816 1014 1886 iam
1041 1816 1076 1886 in
1101 1828 1209 1910 portu,

124 1941 270 2030 naviges
296 1954 332 2011 et
356 1950 434 2031 post
454 1951 551 2030 terga
577 1939 777 2032 respiciens,
793 1935 953 2009 turbidas
973 1949 1013 2008 et
1034 1937 1204 2032 ancipites

123 2065 292 2159 procellas
313 2063 427 2132 cernis
449 2060 651 2154 intrepidus.
679 2063 847 2134 Praesenti
874 2060 979 2133 statui
1001 2069 1060 2133 tuo
1085 2071 1205 2152 gratu-

125 2187 193 2271 lor,
217 2184 431 2277 praeteritom
458 2183 667 2269 miserabar,
689 2184 755 2256 etsi
772 2186 859 2256 sorte
879 2187 986 2276 vulgo
1006 2184 1135 2256 felicior
1152 2182 1205 2255 vi·

123 2306 275 2378 deretur.
289 2305 434 2377 Potuisti
453 2305 487 2375 in
506 2306 769 2399 tempestatibus
785 2318 821 2379 et
837 2306 870 2376 in
889 2308 980 2379 bello
995 2308 1094 2379 mori.
1114 2307 1205 2378 Ecce

124 2429 247 2499 iamin
270 2450 353 2520 pace
374 2426 548 2510 morieris,
571 2429 605 2498 in
628 2451 710 2521 paee
735 2431 848 2499 vives.
875 2431 1053 2499 Occultum
1075 2427 1205 2501 divinae

123 2548 353 2645 providentiae
374 2571 501 2620 munus
515 2551 703 2640 agnoscito.
726 2550 857 2638 Longae
869 2548 1133 2620 consuetudinis
1152 2550 1206 2620 vi·

55 2679 56 2682 ’
125 2695 186 2745 sco
215 2672 434 2767 explicitum,
462 2695 504 2744 ac
528 2672 688 2744 fortassis
715 2682 754 2744 ut
777 2683 834 2744 est
862 2672 998 2744 animus
1025 2671 1205 2744 hominum

124 2812 219 2891 saepe
240 2816 354 2865 rerum
378 2793 517 2865 nescius
535 2805 570 2866 et
591 2792 752 2887 periculis
780 2793 854 2864 suis
880 2796 1015 2877 favens,
1037 2772 1097 2864 vel¹
1116 2793 1206 2864 invi·

125 2931 196 2990 tum
215 2928 249 2989 te
267 2929 395 2989 ventus
412 2916 575 3009 optabilis
592 2916 714 3010 patriae
735 2916 900 3000 reddidit,
917 2927 954 2989 ut
970 2917 1016 2989 ad
1035 2929 1204 2989 aeternam

123 3041 215 3111 illam
237 3041 397 3134 patriam,
421 3041 513 3112 unde
527 3063 618 3111 nune
630 3042 829 3123 exulemus,
847 3038 986 3112 liberior
1000 3041 1045 3111 sit
1066 3060 1205 3131 regres-

125 3183 196 3236 sus.
224 3164 252 3232 Ο
277 3175 407 3255 quanto
434 3163 494 3233 tibi
523 3161 646 3233 melius
671 3161 797 3234 accidit
824 3183 928 3255 quam
955 3160 1140 3254 sperabas!
1161 3162 1206 3234 llt

123 3286 240 3380 pelagi
252 3296 417 3368 monstra,
431 3296 467 3356 et
480 3284 634 3354 sirenum
649 3283 893 3355 cantus'surda
907 3294 1002 3354 tutus
1014 3306 1098 3354 aure
1112 3292 1206 3355 tran·

124 3409 222 3492 siisti‚
238 3419 273 3477 et
287 3410 384 3478 salva
399 3407 504 3499 puppi
511 3408 659 3504 Scyllam
673 3415 709 3477 et
722 3405 934 3502 Charybdim
948 3428 989 3477 ac
1002 3409 1111 3477 multa
1124 3428 1204 3476 cum

123 3533 227 3606 laude
248 3531 423 3602 curiarum
446 3529 571 3600 fluctus
588 3540 623 3602 et
638 3533 806 3622 scopulos
826 3530 983 3601 evasisti.
1003 3530 1074 3600 lam
1096 3527 1206 3620 inpa-

125 3655 188 3723 tria
215 3665 273 3724 tua
302 3653 415 3744 degis.
443 3652 584 3724 lamed
615 3653 759 3746 patriam
790 3653 926 3746 pergis:
954 3652 1021 3722 iam
1051 3649 1204 3742 denique

127 3783 205 3845 tuus
224 3776 318 3846 esO
340 3774 562 3858 invidiosum,
576 3794 598 3845 o
611 3771 749 3845 beatum
769 3785 811 3858 te,
831 3775 859 3846 si
873 3772 958 3867 quid
971 3771 1088 3858 rueris,
1103 3770 1205 3865 quid·

127 3919 170 3968 ve
191 3899 241 3970 sis
262 3898 420 3968 noveris!

266 4047 427 4117 Mediolani,
444 4047 490 4102 Vl.
510 4047 648 4103 Kalendas
663 4047 815 4104 Februarii.
