2670 4688
152 196 211 262 102
492 204 534 255 DE
553 204 654 255 REBUS
674 204 897 257 enuntiemus
1042 216 1046 229 ¹

152 362 372 418 communem
397 347 434 411 et
456 337 604 436 publicis
629 337 786 411 moribus
810 334 1080 413 eondeuoendnt.
1100 338 1249 425 umn-

151 469 222 551 vis‚
245 476 283 537 ut
301 484 425 536 verum
446 465 572 549 fatear,
598 483 668 533 non
693 461 852 554 vulgaris
879 459 944 534 sed
967 459 1248 555 philosophicus

152 610 228 662 mor
251 590 311 673 sit,
332 609 436 680 quern
462 586 497 656 in
523 596 556 658 te
581 583 685 658 hodie
711 594 832 656 notare
856 583 1101 669 decreveram,
1127 590 1249 679 utque

152 714 232 787 ideo
252 731 360 804 prope
379 709 447 779 iarn
468 707 625 803 principii
651 707 831 800 poeniteet,
855 726 1068 802 semperque
1090 713 1132 777 tu
1151 706 1248 779 mihi

151 834 243 907 idem
266 833 330 918 sis,
352 851 561 926 semperque
581 851 673 903 unus
689 851 737 901 ex
754 830 884 922 puueis.
906 828 1085 923 Siquidem
1103 832 1247 924 vulgus

151 959 300 1029 inscium
332 975 404 1049 quo
431 957 531 1048 plura
562 953 751 1046 quaeeierit,
772 950 933 1046 pturibus
955 950 1106 1045 indiget:
1131 955 1247 1047 pnuei

152 1090 281 1165 autern,
303 1079 444 1150 horest
475 1075 567 1147 docti
599 1075 772 1159 homines,
798 1096 869 1167 quo
900 1074 1003 1169 plura
1034 1073 1243 1163 didieerint,

152 1199 311 1293 pluribus
332 1198 483 1269 inhient:
506 1195 624 1290 itaque
643 1208 683 1270 ut
702 1197 852 1269 habendi
873 1197 926 1268 niu
945 1194 1113 1271 nosoenui
1137 1198 1248 1293 eupi-

153 1320 243 1393 ditas
269 1322 446 1413 inexpleta
470 1328 536 1392 est.
563 1320 617 1392 dn
640 1322 699 1393 udi
722 1324 810 1392 ultro
834 1321 1039 1413 superiorem
1062 1321 1248 1414 operatum

153 1446 239 1514 hene
259 1442 395 1513 minime
415 1451 453 1510 ut
476 1443 619 1512 arbitrer
651 1444 837 1535 eoeepeses?
870 1442 956 1539 (sie).
988 1444 1050 1515 lile
1082 1442 1246 1519 linuntur

153 1562 244 1634 hune
265 1560 324 1632 tibi
344 1562 478 1655 peperit
497 1564 604 1649 sitim,
632 1574 671 1636 ut
689 1564 854 1659 quonium
870 1565 940 1635 mei
957 1573 1092 1658 purtem
1120 1576 1247 1641 autur

153 1684 323 1770 audieris,
345 1704 453 1757 nosse
472 1687 561 1759 velis
581 1701 617 1760 et
637 1688 785 1781 reliqua:
808 1687 894 1782 quid
918 1686 963 1758 de
984 1688 1082 1759 victu
1106 1690 1246 1765 faeiem

153 1829 194 1880 ue
211 1809 357 1882 vestitu:
372 1807 419 1881 de
436 1821 586 1906 utroque
600 1808 733 1884 dudum
747 1811 838 1881 meis
856 1810 978 1882 litteris
994 1808 1153 1895 edoctus,
1174 1814 1249 1889 ned

152 1934 275 2026 opinor
294 1936 429 2007 veritus
449 1956 494 2007 ne
513 1934 599 2028 quid
617 1935 725 2006 tenori
746 1945 829 2006 tune
852 1934 1030 2029 descripto
1055 1932 1158 2007 luens
1178 1946 1249 2011 eut

153 2065 290 2149 tempus
315 2057 519 2149 dempserit.
546 2056 713 2148 Repetam
739 2078 827 2151 ergo
852 2078 957 2150 quem
982 2056 1067 2128 vitm
1089 2056 1248 2133 modum

79 2237 81 2240 ,
153 2175 189 2246 in
208 2176 262 2247 his
283 2186 435 2261 teneam,
456 2185 494 2247 et
510 2177 606 2270 quod
626 2177 803 2253 hominnm
825 2199 938 2273 genus
959 2200 1088 2273 sequar
1105 2165 1245 2255 dicum.

153 2298 241 2369 Sunt
257 2299 316 2390 qui
334 2299 400 2370 nisi
418 2299 508 2372 intre
525 2311 700 2376 crustatos
715 2304 822 2377 ebore
840 2302 993 2396 parietes
1007 2310 1045 2375 et
1059 2300 1128 2373 nisi
1144 2308 1247 2379 mol·

153 2417 245 2490 libus
264 2421 300 2491 in
325 2422 453 2514 plumis
486 2426 611 2497 autin
643 2428 775 2498 recenti
807 2446 889 2498 rosa
922 2428 1044 2498 nolunt
1073 2426 1243 2503 membru

151 2561 374 2635 componere:
395 2546 456 2640 qui
473 2548 540 2620 nisi
557 2551 674 2622 eureis
704 2570 746 2621 ac
772 2549 957 2642 gemmatis
977 2547 1110 2641 poculis
1132 2550 1243 2623 leniri

153 2663 245 2739 sitim
266 2684 372 2756 posse
392 2690 461 2738 non
477 2680 608 2763 putent.
626 2668 719 2755 Quid
735 2675 844 2761 ergo?
864 2670 994 2739 Horum
1016 2692 1060 2740 ne
1081 2667 1158 2741 fieri
1179 2670 1241 2747 iu-

152 2796 213 2865 vet
232 2809 279 2861 ex
300 2790 467 2858 numero?
490 2790 566 2880 Ego
590 2810 676 2862 vero
701 2790 805 2880 longe
832 2810 900 2861 non
926 2809 1030 2884 posse
1055 2791 1127 2885 pati
1153 2791 1241 2870 haee

152 2934 255 3018 quum
276 2927 395 2983 curere
417 2906 471 2977 his
492 2929 561 2980 non
581 2930 687 3002 posse
708 2909 897 2983 maluerim.
919 2911 1007 2982 Sunt
1022 2911 1153 3006 quibus
1169 2912 1239 2989 de·

154 3040 242 3123 lirim
260 3032 365 3111 bilem
384 3027 554 3102 excitent:
579 3029 778 3102 nontinuetn
802 3033 965 3129 voluptas
990 3055 1158 3106 nauseam
1179 3038 1238 3111 ie-

155 3176 220 3249 nt.
237 3160 275 3241 Si
292 3148 433 3257 plotini
451 3148 533 3223 lieet
550 3151 646 3245 apud
665 3160 719 3234 te,
738 3170 785 3221 ex
803 3151 858 3224 his
873 3176 930 3225 me
947 3178 1016 3228 non
1033 3156 1149 3227 minus
1166 3180 1236 3234 nn-

159 3302 356 3389 mquffl
379 3270 534 3355 studium
557 3272 649 3345 feeit
675 3266 731 3341 Ab
755 3271 855 3345 annis
881 3277 1008 3349 teneris
1031 3277 1233 3370 exquisitae

162 3418 282 3515 φ
295 3404 364 3489 ,iri
381 3414 539 3505 mro,
558 3394 685 3487 ungar
708 3410 796 3462 vero
820 3414 959 3469 mennas
979 3409 1015 3471 et
1034 3401 1068 3470 in
1090 3409 1231 3473 noctem

170 3552 278 3613 -n
299 3524 457 3615 mitit
485 3536 625 3617 tempor
654 3510 839 3585 exhorrui:
870 3536 1077 3614 semperque
1110 3542 1228 3595 meum
