2670 4688
488 300 642 349 EPlSTOLA
667 299 715 348 xu.
1082 286 1139 347 tot

64 441 162 527 tium,
184 463 305 515 eorum
327 440 459 513 scilicet
475 442 534 534 qui
553 441 598 513 ad
616 440 920 534 praeminentiam
942 463 1011 514 non
1037 444 1142 514 rectis

64 561 259 633 tramitibus
280 561 449 654 aspirant,
476 572 513 634 et
536 560 716 632 destructo
736 560 809 647 illo,
841 581 881 633 se
914 563 1038 635 solium
1065 564 1142 637 eius

62 683 248 755 invasuros
273 694 407 778 putant.
441 685 510 756 Sed
538 687 712 756 falluntur.
740 684 776 753 Si
807 681 887 754 inde
914 682 978 755 sibi
1011 687 1144 758 caverit

63 813 158 876 tutus
179 806 255 878 erit.
279 806 370 876 Heu!
396 806 552 899 iuquam,
580 805 638 877 ulli
667 827 711 875 ne
740 802 919 875 hominum
947 816 1017 878 tam
1043 808 1143 879 ferox

63 923 298 997 inhumanitas
316 927 375 1009 sit,
395 938 433 998 ut
450 947 520 1019 quo
537 925 627 998 duce
648 925 692 997 ad
715 936 848 998 tautum
867 926 989 1017 gloriae
1006 926 1143 998 culmen

64 1048 276 1130 ascenderit.
305 1048 350 1121 de
375 1049 622 1140 illiuscogitet
652 1049 777 1119 ruina?
796 1046 903 1132 Quid,
927 1049 1019 1120 Deus
1039 1047 1141 1132 bone,

63 1172 237 1254 amentiae,
272 1170 357 1265 quid
391 1171 518 1243 luroris
547 1171 790 1265 sospitatorem
818 1190 920 1242 suum
947 1191 1015 1242 uon
1043 1181 1080 1242 ut
1105 1191 1144 1242 se

63 1293 177 1384 ipsum
205 1293 341 1362 salvum
370 1295 521 1385 cupero‘l
550 1292 643 1374 Quid
669 1294 785 1362 ariteui
813 1291 878 1376 illi,
907 1291 937 1362 si
971 1313 1062 1362 unus
1088 1289 1144 1363 hic
1272 1359 1278 1368 .

65 1413 177 1506 (quod
202 1414 429 1507 Omnipotens
459 1413 615 1505 avertat)
638 1422 775 1494 rueret.
798 1412 884 1507 quid
917 1415 1046 1505 agent?
1067 1412 1144 1497 Quo

61 1535 151 1608 duce
176 1538 392 1608 consistent?
418 1536 493 1608 Uno
518 1535 651 1608 verbo:
678 1558 749 1628 quo
776 1557 889 1629 usque
915 1538 1035 1608 miseri
1062 1557 1141 1622 uos,

62 1658 259 1752 praecipites
281 1669 362 1754 post
385 1661 498 1753 ipsum
529 1670 638 1731 ruent.
672 1658 729 1728 Sic
754 1658 864 1743 enim,
892 1659 1016 1752 iuquit,
1040 1660 1141 1742 livor,

61 1804 131 1874 quo
149 1782 183 1852 in
204 1780 324 1853 orbem
346 1794 516 1854 terrarum
545 1801 639 1852 mors
665 1778 810 1863 introiit,
837 1802 957 1854 coecus
983 1792 1051 1864 est,
1080 1804 1145 1853 nec

61 1903 144 1975 dum
166 1903 286 1975 dolore
305 1903 477 1996 impulsus
497 1903 596 1974 alteri
619 1913 735 1987 uocet,
759 1924 823 1974 sua
845 1902 972 1974 damna
997 1904 1144 1975 circum-

64 2023 174 2119 spicit.
202 2025 327 2096 Melius
355 2035 468 2095 tamen
492 2045 596 2117 spero
616 2045 809 2096 evasurum
831 2045 954 2096 omues
980 2025 1144 2096 Fortunae

62 2148 222 2240 laqueos,
248 2148 331 2240 quia
359 2169 440 2219 cum
469 2147 527 2218 illo
551 2148 645 2220 Deus
671 2157 736 2219 est.
770 2147 854 2219 Post
887 2147 953 2220 boc
979 2145 1144 2220 audiendi

61 2270 203 2342 avidum
226 2270 414 2363 linquebat.
436 2269 512 2361 Ego
532 2249 648 2342 autem
677 2291 782 2341 mauu
801 2268 1036 2362 praebendens
1062 2291 1142 2364 quo,

61 2394 215 2485 inquam,
234 2393 425 2483 properas?
445 2391 563 2476 Nocte,
587 2392 712 2483 inquit,
735 2393 890 2482 fugiente
907 2392 1082 2464 festino...
1100 2394 1144 2465 Et

62 2535 150 2603 ego:
183 2512 248 2582 boc
280 2512 403 2580 saltem
437 2511 522 2581 mibi
555 2535 599 2585 ne
629 2512 841 2583 subtrahas:
867 2514 947 2605 quis
969 2513 1143 2586 bominem

64 2633 156 2703 bunc
177 2642 245 2703 tam
267 2632 336 2703 alte
357 2630 454 2703 labor
480 2631 620 2716 extulit,
642 2634 737 2726 quod
759 2633 928 2716 studium,
956 2653 1038 2726 quae
1059 2606 1144 2707 For-

64 2756 170 2825 tuoa‘l
189 2753 235 2823 At
254 2755 311 2825 ille
332 2753 523 2846 virgiliano
544 2749 720 2825 versiculo
745 2753 1008 2845 elegantissimo
1033 2759 1144 2828 lretus

63 2878 97 2947 in
120 2887 275 2974 tempore
290 2906 297 2948 :
315 2901 362 2950 ex
385 2880 519 2971 paucis,
543 2878 667 2973 inquit,
689 2891 745 2950 est

465 3163 543 3226 quos
560 3163 669 3226 aequus
686 3147 802 3211 amavit

245 3243 359 3323 lupitcr
376 3250 429 3306 aut
444 3241 553 3306 ardens
569 3243 676 3305 evexit
693 3244 731 3306 ad
746 3243 860 3306 aethera
878 3244 989 3306 virtus.

63 3498 136 3568 Hoc
153 3493 288 3578 dicens,
310 3516 436 3566 aurora
458 3496 524 3567 iam
548 3495 719 3580 rutilante,
743 3492 925 3586 disparuit.
940 3476 1075 3586 Et‘ego
1091 3495 1145 3566 vel

63 3621 108 3692 ad
138 3638 194 3688 me
225 3638 391 3688 reversus
425 3619 480 3688 vel
512 3611 741 3712 experrectus
774 3637 864 3687 sum.
889 3615 984 3699 Vale,
1015 3612 1145 3688 vindex

32 3816 37 3823 ,
64 3741 233 3815 libertatis
256 3739 368 3812 unice.

161 3862 329 3955 Magistro
361 3863 505 3936 lolranui
531 3861 750 3933 excellentiae
781 3870 851 3932 tuae
883 3859 1012 3930 nuncio
1046 3858 1146 3930 testis

65 4006 132 4075 ego
152 4008 248 4071 sum,
269 3984 369 4058 testis
382 3986 499 4068 Curia,
521 3985 620 4057 testis
637 3992 692 4056 cst
709 3982 841 4054 veritas
859 3991 954 4054 tauta
974 4004 1054 4054 cum
1076 3978 1146 4054 lide

68 4105 101 4175 in
131 4108 198 4179 tuis
231 4117 266 4180 et
300 4106 500 4200 reipublicae
527 4105 676 4198 negotiis
703 4126 741 4177 se
766 4105 939 4196 gessisse,
963 4112 1001 4176 ut
1021 4102 1147 4195 pribci-
