2834 5086
164 638 223 699 2³08
504 651 545 699 DE
566 650 668 701 REBUS
689 650 912 701 ratttttntttbbs

166 812 278 873 seam,
299 798 335 859 et
354 801 489 861 naturae
515 789 683 882 tantisper
707 808 797 860 meae
820 799 856 859 et
880 790 975 860 aetati
995 795 1031 861 et
1050 790 1270 863 lassitudini·

165 936 297 983 morem
331 933 461 1004 geram.
496 913 629 983 Fessus
653 912 747 981 enirn
778 935 894 983 rerum
929 915 1118 1006 fessusque
1142 912 1249 985 animi

166 1057 259 1117 sum,
286 1035 417 1117 Caesar,
444 1035 561 1105 tessus
593 1036 765 1117 omnium,
793 1038 981 1127 fessusque
1012 1037 1247 1127 negotiorum,

165 1160 281 1229 tessus
304 1156 350 1229 ad
370 1167 566 1227 extremum
580 1156 663 1239 mei,
684 1169 790 1248 utque
807 1158 957 1228 afflictus
978 1158 1033 1229 itte
1053 1180 1164 1229 senex
1184 1158 1249 1228 ait:

162 1283 268 1369 saetis·
284 1303 357 1349 suot
371 1281 582 1373 mihimetipsi
598 1282 722 1371 prauis.
746 1282 789 1351 Et
815 1290 853 1350 ut
872 1282 1057 1352 verissime
1078 1281 1247 1365 dixerint:

165 1406 239 1498 ipse
259 1425 337 1474 sum
364 1403 500 1496 pondus
528 1424 655 1473 meum.
682 1402 890 1496 Sperabam,
920 1416 969 1475 tot
989 1404 1182 1496 grandibus
1208 1424 1250 1475 ac

165 1526 345 1620 profundis
370 1527 464 1598 curis
484 1547 531 1595 ex
554 1534 625 1596 toto
650 1526 735 1598 orbe
757 1526 912 1618 quotidie
939 1528 973 1596 in
1003 1539 1102 1598 tuum
1129 1538 1252 1620 pectus

164 1672 228 1719 eeu
256 1650 455 1719 dunninibns
483 1650 636 1742 undique
663 1651 697 1720 in
722 1650 931 1721 altissimum
952 1650 1128 1743 quoddam
1155 1672 1251 1722 mare

166 1772 368 1854 ssrrrmtibus,
388 1772 508 1861 exigui
527 1772 675 1843 nominis
691 1774 756 1845 mei
773 1774 871 1844 tacite
884 1775 1032 1867 opprimi
1054 1794 1159 1867 posse
1178 1796 1253 1846 me·

167 1897 323 1965 moriam.
345 1893 427 1963 Mihi
454 1916 548 1975 vero,
576 1908 703 1988 praeter
722 1898 905 1988 imperium
928 1907 1038 1980 tuum,
1060 1897 1114 1967 cui
1136 1896 1253 1969 omnia

165 2015 293 2097 debeo,
310 2016 355 2085 nit
374 2036 518 2109 prorsus
536 2018 713 2109 antiquius
730 2028 784 2089 est
802 2020 937 2110 quiete,
956 2042 1060 2111 quam
1075 2042 1153 2090 cum
1174 2018 1251 2089 ubi·
1295 2072 1305 2091 ,

165 2160 234 2229 que
255 2159 394 2229 semper
415 2140 519 2210 anxie
545 2161 566 2209 a
588 2141 697 2234 prima
718 2152 822 2214 aetate
842 2143 1054 2234 quaesierim,
1077 2163 1253 2236 nusquam

166 2263 317 2354 reperio:
343 2262 508 2354 quodque
533 2272 588 2334 est
613 2266 773 2353 gravius,
795 2287 974 2355 nunqnam
998 2285 1115 2355 spero,
1143 2265 1255 2335 donee

167 2384 258 2454 iliam
280 2386 314 2454 in
337 2386 442 2455 buius
469 2387 552 2455 vitta
581 2384 847 2478 tempestatibus
873 2406 1046 2477 quaeram,
1068 2410 1174 2479 quam
1202 2400 1256 2459 ta-

168 2526 246 2574 men
269 2507 378 2597 ipsam
402 2518 619 2597 reperturum
643 2528 699 2576 me
720 2506 827 2590 itiieo,
852 2513 888 2576 ut
909 2505 942 2574 in
962 2528 1025 2577 sua
1046 2509 1129 2580 sede
1143 2508 1254 2600 quaeri

167 2628 321 2716 emperit,
340 2648 406 2696 non
425 2626 561 2697 diffido:
584 2626 648 2698 sed
669 2629 761 2697 iilam
784 2628 829 2698 ibi
852 2650 1012 2722 quaerere
1029 2651 1110 2723 quae
1128 2632 1162 2700 in
1183 2634 1255 2702 alto

168 2747 308 2829 habitat,
330 2749 458 2818 animae
479 2769 580 2840 ragae
605 2761 709 2842 atque
731 2751 763 2819 in
784 2750 925 2823 diversa
941 2753 1132 2831 distractae,
1155 2750 1255 2821 insu-

168 2894 229 2964 per
249 2882 284 2942 et
305 2870 516 2963 ponderibus
535 2872 609 2943 suis
628 2895 761 2966 pressae
778 2886 814 2947 et
834 2876 866 2946 in
887 2885 1013 2945 terram
1032 2894 1152 2968 pronae
1169 2871 1257 2945 sub-

167 2995 314 3066 difficite.
338 2996 434 3065 Nitor
455 3017 550 3078 sane,
574 3008 609 3067 et
631 3018 725 3092 saepe
747 2998 815 3069 sub
836 2998 901 3068 bac
922 3020 985 3089 spe
1010 2995 1130 3068 verbis
1149 2997 1255 3067 Davi-

168 3119 256 3190 dicis
274 3140 329 3187 me
343 3118 518 3190 cohortor:
534 3122 732 3187 committere
744 3122 860 3188 areima
872 3141 944 3187 mee
958 3120 994 3186 in
1001 3122 1143 3209 requiem
1153 3132 1252 3202 team,

170 3243 245 3331 quie
272 3240 429 3307 Dorru'uus
447 3242 601 3331 benefecit
623 3243 694 3322 tibi,
717 3261 781 3309 neo
799 3238 934 3310 viribus
956 3236 1044 3309 fisus
1066 3242 1168 3324 meiS,
1187 3242 1255 3312 cir-

169 3360 471 3453 cumspiciensque
488 3360 654 3428 auxilium
677 3370 880 3441 externum,
902 3372 1032 3430 etcum
1051 3361 1173 3432 eodem
1197 3362 1256 3434 itto

170 3506 254 3575 rege
276 3481 456 3574 suspirans
477 3480 570 3551 dieo:
593 3483 665 3569 quis
682 3481 769 3551 dubit
785 3484 868 3551 mibi
881 3506 1012 3575 pennas
1031 3488 1114 3553 sieut¹
1131 3488 1254 3555 colum·

172 3608 227 3690 bre,
243 3618 272 3675 et
287 3605 401 3673 vetabo
418 3614 449 3673 et
464 3606 687 3695 requiescum?
704 3605 772 3675 Sed
788 3604 918 3677 interea
937 3606 1143 3678 laboriosam
1163 3608 1253 3679 banc

169 3731 325 3822 requiem
340 3751 407 3821 qua
429 3726 533 3798 datur
550 3730 749 3819 amplector,
767 3730 859 3799 iilam
877 3732 1021 3800 alteram
1039 3729 1198 3821 cogitans
1212 3750 1255 3801 ae

172 3853 365 3944 suspirans.
381 3852 502 3944 Itaque
517 3848 591 3934 tibi,
611 3850 667 3920 oui
685 3862 723 3921 ut
739 3853 875 3923 vnttum
896 3874 1011 3923 meum
1033 3854 1084 3924 sic
1100 3853 1255 3923 animum

171 3988 288 4045 notum
313 3974 432 4057 veiim,
456 3995 571 4043 meum
601 3973 731 4044 crimen
760 3974 911 4067 ingenue
932 3978 1056 4046 fateor:
1079 3975 1144 4046 etsi
1171 3974 1256 4045 nibil

172 4098 215 4163 sit
234 4099 327 4189 quod
349 4097 512 4168 libentius
537 4094 675 4166 videam
697 4120 802 4188 quam
825 4108 871 4181 te,
892 4099 1087 4191 praesertim
1109 4098 1138 4166 si
1159 4096 1255 4169 coeli-

172 4229 228 4287 tus
249 4221 368 4290 datum
391 4222 444 4303 sit,
465 4231 501 4291 ut
522 4220 555 4290 in
578 4228 637 4289 tua
658 4219 742 4290 sede
764 4230 798 4291 te
818 4220 968 4301 videam,
992 4240 1094 4290 nemo
1119 4219 1175 4291 eui
1195 4216 1258 4289 ds·

173 4341 288 4410 retius
310 4364 449 4432 paream
466 4366 570 4435 quam
593 4343 672 4430 tibi,
690 4344 887 4437 praesertim
905 4343 933 4413 si
952 4363 1022 4413 non
1036 4344 1070 4412 in
1087 4339 1256 4414 extremis

173 4477 289 4539 terrm,
325 4463 384 4533 sed
410 4470 629 4557 expectantis
656 4478 690 4537 te
715 4468 823 4539 ltaliae
854 4464 1017 4537 claustris
1048 4466 1178 4537 adesso
1203 4486 1258 4534 me
