2670 4688
497 313 647 362 srrsronn
668 314 740 362 ιιι.
1093 292 1150 355 369

84 466 196 549 annis,
220 467 270 535 sic
289 476 424 535 maturo
443 464 640 546 virtutibus,
662 463 905 534 decimanona
930 481 1020 531 nunc
1045 470 1150 529 aestas

84 587 206 677 agitur.
229 590 277 658 De
298 603 366 658 tam
388 587 576 678 longinquo
596 586 700 676 igitur
720 583 764 654 ad
785 604 841 654 me
862 601 1027 652 reversus
1051 580 1152 650 intel·

83 708 190 800 ligere
223 713 326 803 coepi,
357 710 517 802 quisnam
551 709 621 793 hic,
650 707 710 803 qui
743 715 821 800 post
850 714 983 777 tantum
1016 713 1152 794 tempus

84 841 150 902 tam
174 832 261 904 bene
283 834 348 904 mei
369 855 501 903 memor
520 843 626 913 esset,
647 832 706 923 qui
726 829 812 913 eius,
834 837 872 900 ut
891 849 1012 898 verum
1030 828 1151 909 fatear,

83 977 170 1046 pene
191 955 258 1025 iam
279 977 423 1047 prorsus
444 955 571 1027 oblitus
592 976 697 1026 eram.
721 953 863 1045 Sibique
883 972 945 1045 per
964 949 1093 1033 literas,
1116 959 1153 1020 ut

83 1077 213 1161 vidisti,
242 1076 330 1148 bene
356 1079 477 1149 merito
502 1079 631 1169 gratias
656 1076 727 1169 egi,
751 1075 866 1168 utqui
885 1074 980 1144 nullo
1000 1092 1151 1164 unquam

82 1199 220 1288 ingenio
251 1211 381 1272 tantum
408 1224 461 1272 me
486 1177 708 1293 quantumin
730 1209 901 1270 tantorum
929 1197 1021 1266 cultu
1047 1203 1153 1286 atque

83 1321 213 1391 lionore
247 1322 422 1393 hominum
453 1325 641 1416 promereri
670 1332 817 1418 poterat,
850 1327 887 1392 et
913 1321 989 1411 ipse
1013 1337 1153 1409 quoque

82 1465 149 1513 non
184 1446 297 1515 minus
328 1448 382 1516 sui
415 1469 604 1517 memorem
638 1468 693 1516 me
724 1444 838 1516 mirari
864 1438 994 1537 posset,
1022 1440 1088 1512 nisi
1113 1459 1151 1510 se

82 1566 164 1635 milri
185 1569 385 1638 memoriam
406 1569 581 1640 excitasse
603 1569 732 1640 recenti
754 1567 874 1638 merito
892 1565 1117 1636 meminisset.

180 1691 279 1774 Quod
296 1695 383 1785 petis
403 1703 599 1763 extremum
617 1704 672 1764 est
689 1690 850 1763 videlicet
867 1687 1005 1760 Homeri
1025 1686 1150 1757 librum

80 1812 139 1902 qui
163 1815 294 1885 venalis
307 1828 380 1886 erat
393 1815 538 1894 Patavii,
559 1815 604 1899 si,
624 1825 661 1886 nt
678 1816 779 1897 reris,
798 1813 951 1892 emerim,
973 1810 1033 1880 tibi
1051 1830 1151 1882 aeco-

82 1934 229 2017 modom,
252 1937 405 2027 quando,
429 1949 467 2007 ut
487 1938 551 2018 ais,
573 1938 659 2007 alter
679 1935 725 2006 ab
744 1937 824 2007 olim
851 1933 934 2003 mihi
957 1944 1024 2016 est,
1046 1952 1150 2024 quem

81 2054 149 2127 Leo
168 2069 297 2159 noster
323 2060 380 2131 tibi
407 2071 510 2152 atque
535 2060 611 2131 aliis
636 2059 802 2131 studiosis
827 2055 1060 2129 conterraneis
1090 2074 1152 2124 no-

82 2182 162 2250 stris
184 2203 203 2251 e
224 2202 340 2272 graeco
360 2183 394 2252 in
416 2184 556 2254 latinum
578 2191 700 2255 vertat.
723 2183 818 2253 lllum
837 2202 903 2273 ego
920 2178 1044 2250 librum
1063 2175 1149 2258 vidi,

82 2303 144 2374 sed
182 2305 335 2395 neglexi,
368 2306 462 2397 quod
496 2329 571 2377 meo
603 2306 713 2398 impar
745 2306 844 2377 visus
881 2314 985 2375 esset.
1025 2299 1152 2372 Haberi

82 2437 196 2495 autem
217 2426 314 2495 facile
336 2425 473 2519 poterit,
492 2427 549 2495 illo
567 2437 691 2516 agente
711 2427 771 2518 qui
793 2427 876 2525 milri
899 2425 1022 2495 Leonis
1042 2423 1152 2515 ipsius

82 2545 265 2614 amicitiam
287 2547 496 2638 procuravit,
518 2547 617 2618 cuius
638 2547 730 2639 apud
754 2548 849 2616 illum
872 2545 1029 2617 efficaces
1052 2554 1154 2614 erunt

84 2668 220 2749 litterae,
240 2677 275 2738 et
291 2690 357 2760 ego
379 2690 474 2740 meas
496 2669 663 2740 adiiciam.
683 2669 718 2738 Si
736 2671 765 2739 is
784 2672 869 2739 lorte
886 2689 951 2739 nos
969 2669 1153 2738 lrustratur

84 2789 180 2871 liber,
204 2790 296 2882 quod
319 2811 386 2861 non
408 2793 578 2886 suspicor,
602 2803 683 2863 tune
700 2814 799 2863 meus
821 2800 950 2885 praesto
969 2792 1044 2861 erit.
1065 2790 1152 2861 Nam

82 2922 117 2982 et
133 2935 200 3001 ego
215 2915 291 2985 eius
307 2917 539 2987 translationis
552 2917 584 2986 in
600 2918 731 3011 primis,
745 2930 779 2989 et
792 2915 1152 3007 graecarumomoium

83 3035 326 3127 cupidissimus
353 3040 528 3110 literarum
555 3061 692 3133 semper
712 3041 772 3121 lui,
796 3051 831 3110 et
851 3039 916 3108 nisi
944 3037 1030 3108 meis
1061 3035 1154 3131 prin·

83 3156 181 3248 eipiis
203 3158 382 3231 invidisset
400 3162 561 3245 Fortuna,
583 3171 617 3231 et
637 3161 860 3256 praeceptoris
889 3159 1009 3232 eximii
1042 3156 1154 3231 hand-

82 3302 257 3372 qnaquam
270 3294 460 3375 opportuna
477 3305 577 3367 mors,
594 3284 697 3355 hodie
714 3288 800 3356 lorte
814 3286 892 3377 plus
905 3281 1035 3375 aliquid
1048 3304 1152 3374 quam

82 3404 326 3474 elementarius
346 3405 469 3476 Graius
489 3395 615 3476 essem.
634 3407 678 3477 Et
694 3428 785 3477 nuno
803 3404 925 3500 ereptis
946 3404 1075 3477 vestris
1093 3425 1154 3497 pro

82 3526 172 3596 virili
207 3539 302 3620 parte
335 3528 445 3598 libens
478 3531 589 3612 laven,
618 3530 740 3622 utqui
774 3530 1033 3601 translationem
1061 3529 1153 3598 illam

85 3662 234 3722 veterem
255 3652 428 3722 Ciceronis
446 3674 550 3743 opus,
569 3662 736 3745 quantum
759 3653 949 3745 intelligere
966 3661 1035 3736 est,
1055 3652 1154 3723 cuius

84 3774 285 3867 principium
307 3774 381 3845 Ani
402 3776 549 3845 Poeticae
567 3775 708 3845 Flaccus
726 3775 882 3858 inseruit,
903 3773 1059 3846 latinitati
1076 3795 1154 3867 per·

83 3896 211 3981 ditam,
240 3913 276 3969 ut
301 3900 408 3968 multa
434 3896 520 3981 alia,
544 3910 578 3968 et
597 3899 699 3970 doleo
715 3910 750 3970 et
771 3900 947 3991 indignor,
976 3910 1011 3972 et
1035 3899 1069 3969 in
1090 3900 1154 3972 hac

86 4031 178 4091 tanta
212 4020 428 4093 solicitudine
467 4045 582 4093 rerum
620 4023 863 4118 pessimarum,
902 4022 991 4095 hanc
1025 4035 1153 4095 tantam

83 4141 289 4235 optimarum
310 4146 555 4238 negligentiam
582 4167 676 4237 aegre
703 4148 784 4218 lero.
813 4145 881 4218 Sed
912 4146 997 4241 quid
1028 4149 1154 4238 agam?

212 4273 247 4311 ιιι.
970 4267 1000 4316 ιι
