2670 4688
239 271 332 321 Ltnnn
353 274 866 328 vlcnsfflusnnmos.-nplscott
888 277 950 326 xlv.
1081 265 1141 329 105

464 559 641 623 EPISTULA
662 560 733 623 XIV.

86 730 278 780 FRANCISCUS
300 729 468 779 Pncnnncn
489 728 667 778 FRANCISGO
689 730 798 780 Puteal
818 730 862 779 SS.
885 730 1115 783 tnosrotonnn

539 834 565 881 S.
587 834 615 881 P.
637 835 667 882 D.

60 983 95 1038 Se
106 982 260 1038 Mediolano
273 983 302 1038 in
321 982 477 1038 coenobium
495 983 588 1038 Sancti
607 981 777 1055 Simpliciani
795 983 948 1055 recepisse,
969 983 1048 1038 cuius
1067 984 1143 1038 coeli-

149 1071 215 1126 coiae
233 1061 317 1125 iitam
336 1071 371 1125 ab
394 1071 486 1141 ignoto
506 1075 618 1124 auctore
639 1062 798 1124 enarratam
817 1069 942 1140 fastidit,
967 1087 1085 1142 eamque
1109 1087 1143 1126 ex

147 1158 295 1230 Augustini
308 1159 438 1230 operibus
451 1158 612 1215 summatim
627 1158 687 1230 ipse
701 1158 833 1230 excerpit.

158 1394 271 1466 Potuit
288 1405 322 1466 te
343 1395 377 1465 in
397 1393 661 1466 admirationem
683 1392 824 1464 trahere
847 1394 1009 1486 superior
1032 1390 1141 1478 date,

58 1514 154 1608 quod
172 1515 287 1587 adbuc
307 1526 447 1588 tonante
468 1516 623 1607 graviter
642 1514 733 1586 betto
753 1523 857 1586 extra
878 1536 1002 1586 muros
1023 1514 1141 1586 ierim:

58 1659 271 1731 quamquam
292 1636 368 1709 fieri
388 1638 500 1730 possit
525 1647 565 1708 ut
588 1638 679 1708 intra
704 1635 828 1707 urbem
849 1634 1011 1714 habitans
1038 1647 1142 1708 extra

59 1779 180 1831 muros
200 1761 399 1854 scripserim
419 1780 505 1833 casu
526 1760 652 1853 atiquo,
667 1768 704 1830 ut
716 1757 763 1849 fit,
779 1758 825 1831 ad
848 1766 995 1851 tempus
1014 1781 1144 1851 urgen-

61 1889 96 1954 te
115 1880 213 1953 urbis
239 1880 358 1964 taedio,
392 1903 570 1974 egressus.
599 1880 669 1952 Sed
692 1902 763 1953 non
789 1882 837 1952 ita
862 1890 929 1951 est.
958 1880 1079 1971 ltaque
1106 1888 1144 1950 ut

61 2023 135 2074 rem
153 2001 263 2086 noris,
283 2001 370 2074 scito
389 2024 444 2073 me
462 2001 506 2075 ad
525 2003 626 2074 tertio
643 2022 754 2074 nonas
773 1998 975 2073 novembris
994 2021 1039 2070 ex
1059 1999 1143 2070 Am-

61 2124 168 2198 brosii
193 2126 298 2197 domo
318 2147 358 2196 ac
378 2125 515 2212 vicinia,
538 2124 599 2197 ubi
625 2125 710 2195 mihi
737 2126 806 2196 iam
832 2125 1003 2216 septimus
1029 2144 1143 2196 annus

60 2247 245 2341 agebatur,
268 2259 371 2320 extra
390 2249 543 2323 civitatis
563 2248 731 2321 ambitum
758 2247 955 2341 antiquum,
978 2246 1024 2319 ab
1043 2245 1143 2320 Occi·

59 2369 130 2443 dua
153 2371 283 2441 seilicet
299 2371 345 2440 ad
373 2371 534 2442 Arctoam
557 2375 706 2462 plagam,
739 2371 786 2442 ad
814 2369 1027 2463 simpliciani
1048 2372 1144 2441 clau-

60 2500 173 2561 strum
195 2487 457 2576 commigrasse.
480 2491 611 2559 Tantus
632 2498 688 2559 est
707 2509 805 2558 amor
827 2488 998 2559 libertatis
1023 2499 1059 2558 et
1085 2509 1141 2558 so-

60 2607 216 2678 litudinis
242 2619 278 2678 et
301 2607 437 2698 quietis.
471 2608 547 2677 Etsi
569 2608 672 2690 enim,
707 2619 746 2678 ut
780 2628 839 2678 res
874 2616 971 2690 sunt,
998 2607 1062 2676 vix
1087 2607 1144 2676 hic

61 2727 236 2823 speranda
269 2728 420 2801 solitudo
451 2727 627 2812 videatur,
654 2749 697 2800 ea
722 2739 837 2800 tamen
864 2726 1015 2798 conditio
1040 2748 1143 2800 novae

60 2851 188 2924 domus
219 2863 291 2937 est,
325 2862 364 2923 ut
395 2851 514 2924 latenti
540 2851 673 2946 postico
695 2853 923 2924 salutatorum
946 2850 1143 2944 importuna

60 2975 152 3048 ecies
173 2976 271 3047 facite
295 2977 363 3048 falti
390 2988 511 3070 queat:
535 2995 616 3067 quae
641 2976 789 3047 facultas
816 2975 914 3046 alteri
941 2971 1142 3047 habitaculo

59 3098 189 3170 deerat.
211 3098 300 3169 Mitte
321 3119 449 3191 passos
469 3111 505 3171 et
528 3118 572 3171 eo
597 3099 746 3191 emplius
769 3097 805 3168 in
830 3096 1000 3170 directum
1028 3094 1140 3166 babeo

60 3239 223 3292 secessus
242 3221 480 3293 amoenissimi.
502 3223 590 3292 Nam
608 3222 639 3290 si
654 3228 813 3292 extrema
834 3220 985 3291 civitatis
1007 3216 1141 3288 ambire

60 3346 206 3415 voluero
226 3344 335 3414 multa
356 3359 437 3415 sunt
461 3344 567 3415 millia
588 3343 678 3413 intra
697 3343 841 3426 vallum,
864 3341 925 3412 ubi
950 3342 1023 3410 iere
1048 3358 1141 3410 sem·

59 3487 122 3558 per
142 3482 249 3534 verso
268 3463 304 3531 in
321 3461 485 3535 tabernas
510 3477 547 3535 et
570 3463 606 3533 in
631 3464 744 3533 sorum
764 3465 888 3554 vulgo,
911 3459 1064 3532 solitudo
1089 3460 1141 3529 iu-

60 3608 148 3679 gens
169 3586 224 3658 sit.
247 3584 316 3656 Sed
337 3586 402 3657 bos
423 3583 516 3656 mille
536 3604 663 3677 passus
688 3585 737 3656 ita
762 3585 847 3655 mibi
868 3582 1022 3655 cessisse
1048 3589 1140 3652 totos

59 3708 216 3792 noveris,
240 3716 277 3777 ut
299 3713 430 3800 partem
451 3727 535 3797 ager
554 3705 688 3778 arduus
714 3716 749 3776 et
773 3705 915 3776 densior
941 3725 1045 3798 sepes
1069 3705 1141 3774 cin-

61 3844 155 3921 gant,
179 3835 321 3903 aiteram
343 3838 498 3922 apertam
520 3835 645 3923 suapte
665 3836 789 3898 natura
809 3837 966 3897 secretus
984 3838 1019 3897 et
1036 3824 1140 3895 intro-

59 3976 170 4045 quons
191 3953 403 4025 inherbosns
424 3962 553 4023 trames
576 3958 684 4032 secet,
707 3970 895 4044 perquem
921 3968 1016 4042 saepe
1042 3949 1138 4019 solus

60 4077 438 4159 autumnatione,
466 4075 603 4179 nemine
628 4071 746 4156 obvio,
782 4074 876 4144 nulio
909 4073 976 4143 nisi
1010 4071 1140 4160 exiguo
