<?xml version="1.0" encoding="UTF-8"?>
<!DOCTYPE html PUBLIC "-//W3C//DTD XHTML 1.0 Transitional//EN"
    "http://www.w3.org/TR/xhtml1/DTD/xhtml1-transitional.dtd">
<html xmlns="http://www.w3.org/1999/xhtml" xml:lang="en" lang="en">
 <head>
  <title>
</title>
<meta http-equiv="Content-Type" content="text/html;charset=utf-8" />
  <meta name='ocr-system' content='tesseract 3.04.00' />
  <meta name='ocr-capabilities' content='ocr_page ocr_carea ocr_par ocr_line ocrx_word'/>
</head>
<body>
  <div class='ocr_page' id='page_1' title='image "./epistolaederebu01fracgoog_0538.png"; bbox 0 0 2834 5086; ppageno 0'>
   <div class='ocr_carea' id='block_1_1' title="bbox 218 701 1075 765">
    <p class='ocr_par' dir='ltr' id='par_1_1' title="bbox 218 701 1075 765">
     <span class='ocr_line' id='line_1_1' title="bbox 218 701 1075 765; baseline -0.005 -2"><span class='ocrx_word' id='word_1_1' title='bbox 218 701 277 763; x_wconf 67' lang='lat' dir='ltr'><strong>ott)</strong></span> <span class='ocrx_word' id='word_1_2' title='bbox 440 713 606 765; x_wconf 80' lang='lat' dir='ltr'><strong>rnauorsor</strong></span> <span class='ocrx_word' id='word_1_3' title='bbox 629 712 805 764; x_wconf 78' lang='lat' dir='ltr'><strong>rnrnanora</strong></span> <span class='ocrx_word' id='word_1_4' title='bbox 826 713 1075 765; x_wconf 80' lang='lat' dir='ltr'><strong>rnsruunrrrurr.</strong></span> 
     </span>
    </p>
   </div>
   <div class='ocr_carea' id='block_1_2' title="bbox 212 853 1302 2534">
    <p class='ocr_par' dir='ltr' id='par_1_2' title="bbox 212 853 1302 2534">
     <span class='ocr_line' id='line_1_2' title="bbox 219 853 1296 943; baseline 0.001 -15"><span class='ocrx_word' id='word_1_5' title='bbox 219 879 295 928; x_wconf 85' lang='lat' dir='ltr'><strong>ram</strong></span> <span class='ocrx_word' id='word_1_6' title='bbox 316 874 396 928; x_wconf 86' lang='lat' dir='ltr'><strong>essa</strong></span> <span class='ocrx_word' id='word_1_7' title='bbox 416 875 484 926; x_wconf 93' lang='lat' dir='ltr'><strong>non</strong></span> <span class='ocrx_word' id='word_1_8' title='bbox 505 853 648 938; x_wconf 82' lang='lat' dir='ltr'><strong>dubit03</strong></span> <span class='ocrx_word' id='word_1_9' title='bbox 670 854 761 927; x_wconf 87' lang='lat' dir='ltr'><strong>siout</strong></span> <span class='ocrx_word' id='word_1_10' title='bbox 780 853 837 926; x_wconf 86' lang='lat' dir='ltr'><strong>ille</strong></span> <span class='ocrx_word' id='word_1_11' title='bbox 855 855 958 926; x_wconf 80' lang='lat' dir='ltr'><strong>cuins</strong></span> <span class='ocrx_word' id='word_1_12' title='bbox 979 875 1048 926; x_wconf 93' lang='lat' dir='ltr'><strong>non</strong></span> <span class='ocrx_word' id='word_1_13' title='bbox 1064 864 1163 928; x_wconf 86' lang='lat' dir='ltr'><strong>notus</strong></span> <span class='ocrx_word' id='word_1_14' title='bbox 1182 857 1296 943; x_wconf 90' lang='lat' dir='ltr'><strong>modo,</strong></span> 
     </span>
     <span class='ocr_line' id='line_1_3' title="bbox 218 974 1299 1070; baseline 0.002 -22"><span class='ocrx_word' id='word_1_15' title='bbox 218 976 281 1048; x_wconf 84' lang='lat' dir='ltr'><strong>sed</strong></span> <span class='ocrx_word' id='word_1_16' title='bbox 297 975 404 1049; x_wconf 87' lang='lat' dir='ltr'><strong>verba</strong></span> <span class='ocrx_word' id='word_1_17' title='bbox 425 979 569 1048; x_wconf 85' lang='lat' dir='ltr'><strong>multam</strong></span> <span class='ocrx_word' id='word_1_18' title='bbox 590 975 742 1048; x_wconf 85' lang='lat' dir='ltr'><strong>habeant</strong></span> <span class='ocrx_word' id='word_1_19' title='bbox 762 976 797 1046; x_wconf 91' lang='lat' dir='ltr'><strong>in</strong></span> <span class='ocrx_word' id='word_1_20' title='bbox 819 975 998 1070; x_wconf 89' lang='lat' dir='ltr'><strong>proposito</strong></span> <span class='ocrx_word' id='word_1_21' title='bbox 1016 974 1173 1065; x_wconf 84' lang='lat' dir='ltr'><strong>veritatis</strong></span> <span class='ocrx_word' id='word_1_22' title='bbox 1191 976 1299 1050; x_wconf 88' lang='lat' dir='ltr'><strong>tirmi-</strong></span> 
     </span>
     <span class='ocr_line' id='line_1_4' title="bbox 219 1084 1298 1199; baseline 0.003 -30"><span class='ocrx_word' id='word_1_23' title='bbox 219 1084 558 1170; x_wconf 52' lang='lat' dir='ltr'><strong>tatemtsslluiusmodi</strong></span> <span class='ocrx_word' id='word_1_24' title='bbox 576 1107 693 1170; x_wconf 91' lang='lat' dir='ltr'><strong>antem</strong></span> <span class='ocrx_word' id='word_1_25' title='bbox 711 1107 841 1171; x_wconf 85' lang='lat' dir='ltr'><strong>terram</strong></span> <span class='ocrx_word' id='word_1_26' title='bbox 861 1098 1298 1199; x_wconf 30' lang='lat' dir='ltr'><strong>hactenus,·intervenien·</strong></span> 
     </span>
     <span class='ocr_line' id='line_1_5' title="bbox 218 1219 1297 1316; baseline 0.002 -26"><span class='ocrx_word' id='word_1_27' title='bbox 218 1219 310 1292; x_wconf 91' lang='lat' dir='ltr'><strong>tibus</strong></span> <span class='ocrx_word' id='word_1_28' title='bbox 335 1219 412 1293; x_wconf 91' lang='lat' dir='ltr'><strong>aliis</strong></span> <span class='ocrx_word' id='word_1_29' title='bbox 444 1220 620 1316; x_wconf 80' lang='lat' dir='ltr'><strong>impensis,</strong></span> <span class='ocrx_word' id='word_1_30' title='bbox 652 1241 770 1294; x_wconf 89' lang='lat' dir='ltr'><strong>emere</strong></span> <span class='ocrx_word' id='word_1_31' title='bbox 795 1242 863 1292; x_wconf 92' lang='lat' dir='ltr'><strong>non</strong></span> <span class='ocrx_word' id='word_1_32' title='bbox 889 1221 996 1295; x_wconf 83' lang='lat' dir='ltr'><strong>valui.</strong></span> <span class='ocrx_word' id='word_1_33' title='bbox 1018 1220 1054 1292; x_wconf 92' lang='lat' dir='ltr'><strong>Si</strong></span> <span class='ocrx_word' id='word_1_34' title='bbox 1073 1242 1161 1313; x_wconf 88' lang='lat' dir='ltr'><strong>ergo</strong></span> <span class='ocrx_word' id='word_1_35' title='bbox 1185 1222 1297 1316; x_wconf 82' lang='lat' dir='ltr'>ipsam</span> 
     </span>
     <span class='ocr_line' id='line_1_6' title="bbox 215 1342 1298 1439; baseline 0 -26"><span class='ocrx_word' id='word_1_36' title='bbox 215 1354 407 1425; x_wconf 70' lang='lat' dir='ltr'><strong>emerant</strong></span> <span class='ocrx_word' id='word_1_37' title='bbox 433 1363 552 1436; x_wconf 90' lang='lat' dir='ltr'><strong>spero,</strong></span> <span class='ocrx_word' id='word_1_38' title='bbox 580 1343 702 1414; x_wconf 77' lang='lat' dir='ltr'><strong>faciam</strong></span> <span class='ocrx_word' id='word_1_39' title='bbox 735 1343 966 1414; x_wconf 90' lang='lat' dir='ltr'><strong>instrumento</strong></span> <span class='ocrx_word' id='word_1_40' title='bbox 1000 1343 1186 1437; x_wconf 76' lang='lat' dir='ltr'>emptionis</span> <span class='ocrx_word' id='word_1_41' title='bbox 1215 1342 1298 1439; x_wconf 92' lang='lat' dir='ltr'><strong>poni</strong></span> 
     </span>
     <span class='ocr_line' id='line_1_7' title="bbox 215 1462 1302 1558; baseline 0 -22"><span class='ocrx_word' id='word_1_42' title='bbox 215 1462 310 1557; x_wconf 90' lang='lat' dir='ltr'><strong>quod</strong></span> <span class='ocrx_word' id='word_1_43' title='bbox 343 1463 455 1557; x_wconf 85' lang='lat' dir='ltr'><strong>ipsam</strong></span> <span class='ocrx_word' id='word_1_44' title='bbox 484 1484 564 1535; x_wconf 89' lang='lat' dir='ltr'><strong>emo</strong></span> <span class='ocrx_word' id='word_1_45' title='bbox 596 1465 713 1536; x_wconf 88' lang='lat' dir='ltr'><strong>animo</strong></span> <span class='ocrx_word' id='word_1_46' title='bbox 737 1465 897 1537; x_wconf 79' lang='lat' dir='ltr'><strong>ecclesie</strong></span> <span class='ocrx_word' id='word_1_47' title='bbox 924 1465 1164 1558; x_wconf 90' lang='lat' dir='ltr'><strong>relinquendi:</strong></span> <span class='ocrx_word' id='word_1_48' title='bbox 1190 1472 1302 1537; x_wconf 85' lang='lat' dir='ltr'><strong>etex·</strong></span> 
     </span>
     <span class='ocr_line' id='line_1_8' title="bbox 215 1585 1297 1678; baseline 0.003 -22"><span class='ocrx_word' id='word_1_49' title='bbox 215 1606 307 1658; x_wconf 87' lang='lat' dir='ltr'><strong>nnnc</strong></span> <span class='ocrx_word' id='word_1_50' title='bbox 327 1585 493 1670; x_wconf 75' lang='lat' dir='ltr'><strong>balneio,</strong></span> <span class='ocrx_word' id='word_1_51' title='bbox 524 1586 686 1678; x_wconf 88' lang='lat' dir='ltr'><strong>quumvis</strong></span> <span class='ocrx_word' id='word_1_52' title='bbox 706 1586 865 1659; x_wconf 88' lang='lat' dir='ltr'><strong>eiusdem</strong></span> <span class='ocrx_word' id='word_1_53' title='bbox 888 1597 990 1659; x_wconf 84' lang='lat' dir='ltr'><strong>terrae</strong></span> <span class='ocrx_word' id='word_1_54' title='bbox 1011 1590 1116 1660; x_wconf 89' lang='lat' dir='ltr'><strong>situm</strong></span> <span class='ocrx_word' id='word_1_55' title='bbox 1142 1588 1297 1661; x_wconf 85' lang='lat' dir='ltr'><strong>nondum</strong></span> 
     </span>
     <span class='ocr_line' id='line_1_9' title="bbox 216 1707 1297 1801; baseline 0.002 -24"><span class='ocrx_word' id='word_1_56' title='bbox 216 1727 360 1799; x_wconf 88' lang='lat' dir='ltr'><strong>possum</strong></span> <span class='ocrx_word' id='word_1_57' title='bbox 374 1708 416 1797; x_wconf 80' lang='lat' dir='ltr'><strong>¹in</strong></span> <span class='ocrx_word' id='word_1_58' title='bbox 431 1707 576 1800; x_wconf 79' lang='lat' dir='ltr'><strong>seriptis</strong></span> <span class='ocrx_word' id='word_1_59' title='bbox 597 1707 763 1780; x_wconf 80' lang='lat' dir='ltr'><strong>inserere.</strong></span> <span class='ocrx_word' id='word_1_60' title='bbox 786 1709 846 1779; x_wconf 87' lang='lat' dir='ltr'><strong>Sin</strong></span> <span class='ocrx_word' id='word_1_61' title='bbox 866 1719 999 1791; x_wconf 88' lang='lat' dir='ltr'><strong>antem,</strong></span> <span class='ocrx_word' id='word_1_62' title='bbox 1020 1710 1185 1801; x_wconf 90' lang='lat' dir='ltr'><strong>quoniam</strong></span> <span class='ocrx_word' id='word_1_63' title='bbox 1210 1730 1297 1780; x_wconf 90' lang='lat' dir='ltr'><strong>non·</strong></span> 
     </span>
     <span class='ocr_line' id='line_1_10' title="bbox 215 1827 1294 1924; baseline 0.005 -28"><span class='ocrx_word' id='word_1_64' title='bbox 215 1846 396 1919; x_wconf 76' lang='lat' dir='ltr'><strong>nunquam</strong></span> <span class='ocrx_word' id='word_1_65' title='bbox 425 1827 495 1920; x_wconf 84' lang='lat' dir='ltr'><strong>piae</strong></span> <span class='ocrx_word' id='word_1_66' title='bbox 530 1830 728 1902; x_wconf 86' lang='lat' dir='ltr'><strong>voluntates</strong></span> <span class='ocrx_word' id='word_1_67' title='bbox 761 1839 902 1924; x_wconf 90' lang='lat' dir='ltr'><strong>propter</strong></span> <span class='ocrx_word' id='word_1_68' title='bbox 939 1841 1082 1924; x_wconf 69' lang='lat' dir='ltr'><strong>pennata</strong></span> <span class='ocrx_word' id='word_1_69' title='bbox 1118 1831 1294 1901; x_wconf 89' lang='lat' dir='ltr'><strong>bominum</strong></span> 
     </span>
     <span class='ocr_line' id='line_1_11' title="bbox 214 1947 1297 2042; baseline 0.005 -23"><span class='ocrx_word' id='word_1_70' title='bbox 214 1947 345 2020; x_wconf 87' lang='lat' dir='ltr'><strong>deduci</strong></span> <span class='ocrx_word' id='word_1_71' title='bbox 362 1959 541 2042; x_wconf 89' lang='lat' dir='ltr'><strong>nequeunt</strong></span> <span class='ocrx_word' id='word_1_72' title='bbox 555 1951 600 2022; x_wconf 88' lang='lat' dir='ltr'><strong>ad</strong></span> <span class='ocrx_word' id='word_1_73' title='bbox 612 1951 787 2035; x_wconf 72' lang='lat' dir='ltr'><strong>effectum,</strong></span> <span class='ocrx_word' id='word_1_74' title='bbox 807 1951 935 2024; x_wconf 80' lang='lat' dir='ltr'><strong>dictam</strong></span> <span class='ocrx_word' id='word_1_75' title='bbox 953 1959 1081 2022; x_wconf 82' lang='lat' dir='ltr'><strong>terram</strong></span> <span class='ocrx_word' id='word_1_76' title='bbox 1101 1972 1219 2023; x_wconf 88' lang='lat' dir='ltr'><strong>emere</strong></span> <span class='ocrx_word' id='word_1_77' title='bbox 1237 1952 1297 2024; x_wconf 87' lang='lat' dir='ltr'><strong>vel</strong></span> 
     </span>
     <span class='ocr_line' id='line_1_12' title="bbox 212 2072 1294 2166; baseline 0.006 -26"><span class='ocrx_word' id='word_1_78' title='bbox 212 2080 355 2164; x_wconf 87' lang='lat' dir='ltr'><strong>propter</strong></span> <span class='ocrx_word' id='word_1_79' title='bbox 372 2073 611 2166; x_wconf 78' lang='lat' dir='ltr'><strong>impotentiam</strong></span> <span class='ocrx_word' id='word_1_80' title='bbox 629 2075 685 2145; x_wconf 91' lang='lat' dir='ltr'><strong>vel</strong></span> <span class='ocrx_word' id='word_1_81' title='bbox 704 2083 844 2166; x_wconf 88' lang='lat' dir='ltr'><strong>propter</strong></span> <span class='ocrx_word' id='word_1_82' title='bbox 860 2072 1108 2164; x_wconf 80' lang='lat' dir='ltr'><strong>negligentiam</strong></span> <span class='ocrx_word' id='word_1_83' title='bbox 1125 2074 1294 2158; x_wconf 83' lang='lat' dir='ltr'><strong>omisero,</strong></span> 
     </span>
     <span class='ocr_line' id='line_1_13' title="bbox 215 2191 1293 2287; baseline 0.005 -23"><span class='ocrx_word' id='word_1_84' title='bbox 215 2194 293 2284; x_wconf 91' lang='lat' dir='ltr'><strong>lego</strong></span> <span class='ocrx_word' id='word_1_85' title='bbox 326 2194 394 2287; x_wconf 78' lang='lat' dir='ltr'><strong>ipsi</strong></span> <span class='ocrx_word' id='word_1_86' title='bbox 426 2195 588 2266; x_wconf 69' lang='lat' dir='ltr'><strong>eeclesiae</strong></span> <span class='ocrx_word' id='word_1_87' title='bbox 618 2192 749 2266; x_wconf 83' lang='lat' dir='ltr'><strong>Padnae</strong></span> <span class='ocrx_word' id='word_1_88' title='bbox 777 2191 924 2266; x_wconf 81' lang='lat' dir='ltr'><strong>ducatos</strong></span> <span class='ocrx_word' id='word_1_89' title='bbox 950 2192 1120 2267; x_wconf 87' lang='lat' dir='ltr'><strong>dnoentns</strong></span> <span class='ocrx_word' id='word_1_90' title='bbox 1150 2195 1224 2267; x_wconf 88' lang='lat' dir='ltr'><strong>auri</strong></span> <span class='ocrx_word' id='word_1_91' title='bbox 1248 2196 1293 2269; x_wconf 88' lang='lat' dir='ltr'><strong>ad</strong></span> 
     </span>
     <span class='ocr_line' id='line_1_14' title="bbox 214 2314 1293 2410; baseline 0.006 -27"><span class='ocrx_word' id='word_1_92' title='bbox 214 2316 399 2387; x_wconf 88' lang='lat' dir='ltr'><strong>emendum</strong></span> <span class='ocrx_word' id='word_1_93' title='bbox 420 2315 675 2408; x_wconf 89' lang='lat' dir='ltr'><strong>aliquantulum</strong></span> <span class='ocrx_word' id='word_1_94' title='bbox 697 2327 801 2388; x_wconf 82' lang='lat' dir='ltr'><strong>terrae</strong></span> <span class='ocrx_word' id='word_1_95' title='bbox 822 2314 883 2387; x_wconf 89' lang='lat' dir='ltr'><strong>ubi</strong></span> <span class='ocrx_word' id='word_1_96' title='bbox 905 2315 1035 2387; x_wconf 74' lang='lat' dir='ltr'><strong>melius·</strong></span> <span class='ocrx_word' id='word_1_97' title='bbox 1056 2314 1130 2389; x_wconf 89' lang='lat' dir='ltr'><strong>lieri</strong></span> <span class='ocrx_word' id='word_1_98' title='bbox 1152 2318 1293 2410; x_wconf 86' lang='lat' dir='ltr'><strong>poterit,</strong></span> 
     </span>
     <span class='ocr_line' id='line_1_15' title="bbox 214 2437 1294 2534; baseline 0 -25"><span class='ocrx_word' id='word_1_99' title='bbox 214 2439 260 2510; x_wconf 89' lang='lat' dir='ltr'><strong>de</strong></span> <span class='ocrx_word' id='word_1_100' title='bbox 279 2441 380 2510; x_wconf 92' lang='lat' dir='ltr'><strong>ouius</strong></span> <span class='ocrx_word' id='word_1_101' title='bbox 401 2437 629 2534; x_wconf 85' lang='lat' dir='ltr'><strong>proventibus</strong></span> <span class='ocrx_word' id='word_1_102' title='bbox 644 2448 851 2533; x_wconf 87' lang='lat' dir='ltr'><strong>perpetuum</strong></span> <span class='ocrx_word' id='word_1_103' title='bbox 870 2437 1149 2509; x_wconf 88' lang='lat' dir='ltr'><strong>anniversarium</strong></span> <span class='ocrx_word' id='word_1_104' title='bbox 1166 2441 1294 2510; x_wconf 85' lang='lat' dir='ltr'><strong>animae</strong></span> 
     </span>
    </p>
   </div>
   <div class='ocr_carea' id='block_1_3' title="bbox 213 2558 1295 3017">
    <p class='ocr_par' dir='ltr' id='par_1_3' title="bbox 213 2558 1295 3017">
     <span class='ocr_line' id='line_1_16' title="bbox 215 2558 1294 2657; baseline 0.002 -29"><span class='ocrx_word' id='word_1_105' title='bbox 215 2581 303 2630; x_wconf 86' lang='lat' dir='ltr'><strong>meae</strong></span> <span class='ocrx_word' id='word_1_106' title='bbox 323 2558 406 2630; x_wconf 87' lang='lat' dir='ltr'><strong>fiat:</strong></span> <span class='ocrx_word' id='word_1_107' title='bbox 426 2571 463 2631; x_wconf 90' lang='lat' dir='ltr'><strong>et</strong></span> <span class='ocrx_word' id='word_1_108' title='bbox 482 2561 549 2653; x_wconf 87' lang='lat' dir='ltr'><strong>ipsi</strong></span> <span class='ocrx_word' id='word_1_109' title='bbox 569 2559 710 2630; x_wconf 95' lang='lat' dir='ltr'><strong>domino</strong></span> <span class='ocrx_word' id='word_1_110' title='bbox 731 2559 898 2657; x_wconf 85' lang='lat' dir='ltr'><strong>supplico,</strong></span> <span class='ocrx_word' id='word_1_111' title='bbox 921 2560 951 2631; x_wconf 89' lang='lat' dir='ltr'><strong>si</strong></span> <span class='ocrx_word' id='word_1_112' title='bbox 974 2569 1057 2630; x_wconf 87' lang='lat' dir='ltr'><strong>tuno</strong></span> <span class='ocrx_word' id='word_1_113' title='bbox 1076 2561 1187 2645; x_wconf 88' lang='lat' dir='ltr'><strong>vivet,</strong></span> <span class='ocrx_word' id='word_1_114' title='bbox 1203 2561 1294 2639; x_wconf 88' lang='lat' dir='ltr'><strong>siout</strong></span> 
     </span>
     <span class='ocr_line' id='line_1_17' title="bbox 213 2681 1294 2774; baseline 0.003 -24"><span class='ocrx_word' id='word_1_115' title='bbox 213 2681 317 2771; x_wconf 87' lang='lat' dir='ltr'><strong>cupio</strong></span> <span class='ocrx_word' id='word_1_116' title='bbox 335 2689 370 2750; x_wconf 89' lang='lat' dir='ltr'><strong>et</strong></span> <span class='ocrx_word' id='word_1_117' title='bbox 392 2681 504 2751; x_wconf 87' lang='lat' dir='ltr'><strong>Deum</strong></span> <span class='ocrx_word' id='word_1_118' title='bbox 527 2701 662 2771; x_wconf 90' lang='lat' dir='ltr'><strong>preoor,</strong></span> <span class='ocrx_word' id='word_1_119' title='bbox 692 2692 729 2752; x_wconf 91' lang='lat' dir='ltr'><strong>ut</strong></span> <span class='ocrx_word' id='word_1_120' title='bbox 754 2683 883 2751; x_wconf 87' lang='lat' dir='ltr'><strong>multos</strong></span> <span class='ocrx_word' id='word_1_121' title='bbox 908 2690 1029 2774; x_wconf 90' lang='lat' dir='ltr'><strong>postea</strong></span> <span class='ocrx_word' id='word_1_122' title='bbox 1055 2702 1165 2753; x_wconf 82' lang='lat' dir='ltr'><strong>annos</strong></span> <span class='ocrx_word' id='word_1_123' title='bbox 1190 2684 1294 2754; x_wconf 77' lang='lat' dir='ltr'><strong>laetus</strong></span> 
     </span>
     <span class='ocr_line' id='line_1_18' title="bbox 213 2792 1295 2896; baseline 0.001 -24"><span class='ocrx_word' id='word_1_124' title='bbox 213 2810 249 2871; x_wconf 87' lang='lat' dir='ltr'><strong>et</strong></span> <span class='ocrx_word' id='word_1_125' title='bbox 272 2801 356 2872; x_wconf 81' lang='lat' dir='ltr'><strong>lelix</strong></span> <span class='ocrx_word' id='word_1_126' title='bbox 381 2799 502 2883; x_wconf 87' lang='lat' dir='ltr'><strong>vivat;</strong></span> <span class='ocrx_word' id='word_1_127' title='bbox 524 2792 590 2872; x_wconf 75' lang='lat' dir='ltr'><strong>&#39;vel</strong></span> <span class='ocrx_word' id='word_1_128' title='bbox 623 2802 654 2872; x_wconf 93' lang='lat' dir='ltr'><strong>si</strong></span> <span class='ocrx_word' id='word_1_129' title='bbox 684 2799 791 2895; x_wconf 77' lang='lat' dir='ltr'><strong>(qnod</strong></span> <span class='ocrx_word' id='word_1_130' title='bbox 817 2803 910 2879; x_wconf 86' lang='lat' dir='ltr'><strong>Deus</strong></span> <span class='ocrx_word' id='word_1_131' title='bbox 937 2802 1086 2896; x_wconf 88' lang='lat' dir='ltr'><strong>avertat)</strong></span> <span class='ocrx_word' id='word_1_132' title='bbox 1113 2811 1195 2873; x_wconf 84' lang='lat' dir='ltr'><strong>tnnc</strong></span> <span class='ocrx_word' id='word_1_133' title='bbox 1219 2802 1295 2895; x_wconf 88' lang='lat' dir='ltr'><strong>ipse</strong></span> 
     </span>
     <span class='ocr_line' id='line_1_19' title="bbox 214 2923 1292 3017; baseline -0.002 -24"><span class='ocrx_word' id='word_1_134' title='bbox 214 2942 283 2993; x_wconf 91' lang='lat' dir='ltr'><strong>non</strong></span> <span class='ocrx_word' id='word_1_135' title='bbox 312 2923 465 3007; x_wconf 86' lang='lat' dir='ltr'><strong>viveret,</strong></span> <span class='ocrx_word' id='word_1_136' title='bbox 497 2942 620 3014; x_wconf 86' lang='lat' dir='ltr'><strong>precor</strong></span> <span class='ocrx_word' id='word_1_137' title='bbox 647 2924 752 2993; x_wconf 86' lang='lat' dir='ltr'><strong>alium</strong></span> <span class='ocrx_word' id='word_1_138' title='bbox 782 2944 1038 3015; x_wconf 84' lang='lat' dir='ltr'><strong>quemeumque</strong></span> <span class='ocrx_word' id='word_1_139' title='bbox 1060 2942 1168 3017; x_wconf 87' lang='lat' dir='ltr'><strong>penes</strong></span> <span class='ocrx_word' id='word_1_140' title='bbox 1187 2943 1292 3014; x_wconf 91' lang='lat' dir='ltr'><strong>quem</strong></span> 
     </span>
    </p>
   </div>
   <div class='ocr_carea' id='block_1_4' title="bbox 212 3042 1294 4603">
    <p class='ocr_par' dir='ltr' id='par_1_4' title="bbox 213 3042 1294 3503">
     <span class='ocr_line' id='line_1_20' title="bbox 214 3042 1293 3147; baseline -0.002 -33"><span class='ocrx_word' id='word_1_141' title='bbox 214 3045 264 3115; x_wconf 90' lang='lat' dir='ltr'><strong>rei</strong></span> <span class='ocrx_word' id='word_1_142' title='bbox 297 3042 403 3116; x_wconf 89' lang='lat' dir='ltr'><strong>buius</strong></span> <span class='ocrx_word' id='word_1_143' title='bbox 435 3046 504 3118; x_wconf 91' lang='lat' dir='ltr'><strong>erit</strong></span> <span class='ocrx_word' id='word_1_144' title='bbox 534 3045 734 3128; x_wconf 84' lang='lat' dir='ltr'><strong>arbitrium,</strong></span> <span class='ocrx_word' id='word_1_145' title='bbox 768 3055 942 3137; x_wconf 87' lang='lat' dir='ltr'><strong>quatenus</strong></span> <span class='ocrx_word' id='word_1_146' title='bbox 980 3043 1027 3114; x_wconf 96' lang='lat' dir='ltr'><strong>ob</strong></span> <span class='ocrx_word' id='word_1_147' title='bbox 1061 3042 1293 3147; x_wconf 85' lang='lat' dir='ltr'><strong>reverentiam</strong></span> 
     </span>
     <span class='ocr_line' id='line_1_21' title="bbox 213 3164 1294 3260; baseline 0.001 -26"><span class='ocrx_word' id='word_1_148' title='bbox 213 3165 332 3236; x_wconf 85' lang='lat' dir='ltr'><strong>Mariae</strong></span> <span class='ocrx_word' id='word_1_149' title='bbox 352 3168 523 3259; x_wconf 78' lang='lat' dir='ltr'><strong>Virginis,</strong></span> <span class='ocrx_word' id='word_1_150' title='bbox 545 3178 582 3239; x_wconf 92' lang='lat' dir='ltr'><strong>et</strong></span> <span class='ocrx_word' id='word_1_151' title='bbox 602 3169 679 3251; x_wconf 88' lang='lat' dir='ltr'><strong>mei,</strong></span> <span class='ocrx_word' id='word_1_152' title='bbox 704 3167 783 3238; x_wconf 86' lang='lat' dir='ltr'><strong>licet</strong></span> <span class='ocrx_word' id='word_1_153' title='bbox 803 3167 936 3257; x_wconf 86' lang='lat' dir='ltr'><strong>indigni</strong></span> <span class='ocrx_word' id='word_1_154' title='bbox 957 3175 992 3237; x_wconf 90' lang='lat' dir='ltr'><strong>et</strong></span> <span class='ocrx_word' id='word_1_155' title='bbox 1013 3166 1128 3260; x_wconf 91' lang='lat' dir='ltr'><strong>pusilli</strong></span> <span class='ocrx_word' id='word_1_156' title='bbox 1143 3164 1294 3236; x_wconf 85' lang='lat' dir='ltr'><strong>bominis</strong></span> 
     </span>
     <span class='ocr_line' id='line_1_22' title="bbox 213 3284 1293 3381; baseline -0.002 -24"><span class='ocrx_word' id='word_1_157' title='bbox 213 3299 427 3381; x_wconf 86' lang='lat' dir='ltr'><strong>respectum,</strong></span> <span class='ocrx_word' id='word_1_158' title='bbox 442 3289 610 3362; x_wconf 85' lang='lat' dir='ltr'><strong>concedat</strong></span> <span class='ocrx_word' id='word_1_159' title='bbox 628 3291 694 3361; x_wconf 86' lang='lat' dir='ltr'><strong>hoo</strong></span> <span class='ocrx_word' id='word_1_160' title='bbox 710 3287 805 3372; x_wconf 78' lang='lat' dir='ltr'><strong>fieri,</strong></span> <span class='ocrx_word' id='word_1_161' title='bbox 822 3301 858 3361; x_wconf 91' lang='lat' dir='ltr'><strong>et</strong></span> <span class='ocrx_word' id='word_1_162' title='bbox 875 3288 1054 3359; x_wconf 85' lang='lat' dir='ltr'><strong>decretum</strong></span> <span class='ocrx_word' id='word_1_163' title='bbox 1068 3306 1172 3357; x_wconf 88' lang='lat' dir='ltr'><strong>sunm</strong></span> <span class='ocrx_word' id='word_1_164' title='bbox 1187 3284 1293 3377; x_wconf 84' lang='lat' dir='ltr'><strong>super</strong></span> 
     </span>
     <span class='ocr_line' id='line_1_23' title="bbox 214 3407 768 3503; baseline 0.005 -26"><span class='ocrx_word' id='word_1_165' title='bbox 214 3407 280 3479; x_wconf 86' lang='lat' dir='ltr'><strong>hoo</strong></span> <span class='ocrx_word' id='word_1_166' title='bbox 300 3409 539 3482; x_wconf 85' lang='lat' dir='ltr'><strong>favorabiliter</strong></span> <span class='ocrx_word' id='word_1_167' title='bbox 559 3413 768 3503; x_wconf 89' lang='lat' dir='ltr'><strong>interponat.</strong></span> 
     </span>
    </p>

    <p class='ocr_par' dir='ltr' id='par_1_5' title="bbox 212 3524 1293 3867">
     <span class='ocr_line' id='line_1_24' title="bbox 311 3524 1293 3623; baseline 0 -24"><span class='ocrx_word' id='word_1_168' title='bbox 311 3530 408 3620; x_wconf 90' lang='lat' dir='ltr'><strong>Lego</strong></span> <span class='ocrx_word' id='word_1_169' title='bbox 440 3542 555 3604; x_wconf 88' lang='lat' dir='ltr'><strong>autem</strong></span> <span class='ocrx_word' id='word_1_170' title='bbox 586 3531 748 3602; x_wconf 82' lang='lat' dir='ltr'><strong>ecetesiae</strong></span> <span class='ocrx_word' id='word_1_171' title='bbox 781 3527 876 3623; x_wconf 91' lang='lat' dir='ltr'><strong>apud</strong></span> <span class='ocrx_word' id='word_1_172' title='bbox 905 3548 1009 3623; x_wconf 86' lang='lat' dir='ltr'><strong>qnam</strong></span> <span class='ocrx_word' id='word_1_173' title='bbox 1045 3526 1195 3619; x_wconf 88' lang='lat' dir='ltr'><strong>sepeliar</strong></span> <span class='ocrx_word' id='word_1_174' title='bbox 1228 3524 1293 3599; x_wconf 87' lang='lat' dir='ltr'><strong>du·</strong></span> 
     </span>
     <span class='ocr_line' id='line_1_25' title="bbox 212 3648 1293 3744; baseline -0.002 -23"><span class='ocrx_word' id='word_1_175' title='bbox 212 3659 315 3722; x_wconf 89' lang='lat' dir='ltr'><strong>catos·</strong></span> <span class='ocrx_word' id='word_1_176' title='bbox 330 3651 393 3720; x_wconf 88' lang='lat' dir='ltr'><strong>XX</strong></span> <span class='ocrx_word' id='word_1_177' title='bbox 409 3678 416 3721; x_wconf 91' lang='lat'>:</span> <span class='ocrx_word' id='word_1_178' title='bbox 434 3654 510 3724; x_wconf 92' lang='lat' dir='ltr'><strong>aliis</strong></span> <span class='ocrx_word' id='word_1_179' title='bbox 531 3663 647 3725; x_wconf 88' lang='lat' dir='ltr'><strong>autem</strong></span> <span class='ocrx_word' id='word_1_180' title='bbox 667 3652 825 3724; x_wconf 85' lang='lat' dir='ltr'><strong>ecclesiis</strong></span> <span class='ocrx_word' id='word_1_181' title='bbox 846 3661 996 3744; x_wconf 89' lang='lat' dir='ltr'><strong>quatuor</strong></span> <span class='ocrx_word' id='word_1_182' title='bbox 1013 3648 1176 3721; x_wconf 91' lang='lat' dir='ltr'><strong>ordinum</strong></span> <span class='ocrx_word' id='word_1_183' title='bbox 1196 3669 1293 3720; x_wconf 92' lang='lat' dir='ltr'><strong>men·</strong></span> 
     </span>
     <span class='ocr_line' id='line_1_26' title="bbox 213 3771 1187 3867; baseline -0.001 -24"><span class='ocrx_word' id='word_1_184' title='bbox 213 3771 412 3857; x_wconf 85' lang='lat' dir='ltr'><strong>dicantinm,</strong></span> <span class='ocrx_word' id='word_1_185' title='bbox 435 3774 464 3844; x_wconf 93' lang='lat' dir='ltr'><strong>si</strong></span> <span class='ocrx_word' id='word_1_186' title='bbox 482 3775 529 3846; x_wconf 90' lang='lat' dir='ltr'><strong>ibi</strong></span> <span class='ocrx_word' id='word_1_187' title='bbox 550 3776 686 3859; x_wconf 87' lang='lat' dir='ltr'><strong>luerint,</strong></span> <span class='ocrx_word' id='word_1_188' title='bbox 708 3773 853 3845; x_wconf 88' lang='lat' dir='ltr'><strong>ducatos</strong></span> <span class='ocrx_word' id='word_1_189' title='bbox 875 3775 916 3844; x_wconf 90' lang='lat' dir='ltr'><strong>V.</strong></span> <span class='ocrx_word' id='word_1_190' title='bbox 938 3795 1001 3867; x_wconf 91' lang='lat' dir='ltr'><strong>pro</strong></span> <span class='ocrx_word' id='word_1_191' title='bbox 1020 3772 1187 3866; x_wconf 86' lang='lat' dir='ltr'><strong>qualibet.</strong></span> 
     </span>
    </p>

    <p class='ocr_par' dir='ltr' id='par_1_6' title="bbox 213 3892 1294 4603">
     <span class='ocr_line' id='line_1_27' title="bbox 310 3892 1291 3988; baseline -0.002 -22"><span class='ocrx_word' id='word_1_192' title='bbox 310 3895 527 3988; x_wconf 90' lang='lat' dir='ltr'><strong>Pauperibus</strong></span> <span class='ocrx_word' id='word_1_193' title='bbox 549 3896 678 3969; x_wconf 89' lang='lat' dir='ltr'><strong>Christi</strong></span> <span class='ocrx_word' id='word_1_194' title='bbox 700 3899 778 3988; x_wconf 89' lang='lat' dir='ltr'><strong>lego</strong></span> <span class='ocrx_word' id='word_1_195' title='bbox 798 3896 835 3965; x_wconf 86' lang='lat' dir='ltr'><strong>C.</strong></span> <span class='ocrx_word' id='word_1_196' title='bbox 857 3896 1006 3966; x_wconf 86' lang='lat' dir='ltr'><strong>ducatos</strong></span> <span class='ocrx_word' id='word_1_197' title='bbox 1031 3892 1291 3966; x_wconf 82' lang='lat' dir='ltr'><strong>distribuendos</strong></span> 
     </span>
     <span class='ocr_line' id='line_1_28' title="bbox 213 4011 1293 4093; baseline -0.005 -4"><span class='ocrx_word' id='word_1_198' title='bbox 213 4030 252 4090; x_wconf 93' lang='lat' dir='ltr'><strong>ut</strong></span> <span class='ocrx_word' id='word_1_199' title='bbox 283 4017 460 4091; x_wconf 90' lang='lat' dir='ltr'><strong>videbitur</strong></span> <span class='ocrx_word' id='word_1_200' title='bbox 492 4018 633 4092; x_wconf 89' lang='lat' dir='ltr'><strong>lohanni</strong></span> <span class='ocrx_word' id='word_1_201' title='bbox 662 4018 856 4093; x_wconf 85' lang='lat' dir='ltr'><strong>aBocbeta</strong></span> <span class='ocrx_word' id='word_1_202' title='bbox 882 4017 1019 4090; x_wconf 86' lang='lat' dir='ltr'><strong>custodi</strong></span> <span class='ocrx_word' id='word_1_203' title='bbox 1043 4015 1204 4089; x_wconf 72' lang='lat' dir='ltr'><strong>ecclesie</strong></span> <span class='ocrx_word' id='word_1_204' title='bbox 1229 4011 1293 4084; x_wconf 92' lang='lat' dir='ltr'><strong>Pa-</strong></span> 
     </span>
     <span class='ocr_line' id='line_1_29' title="bbox 213 4135 1291 4224; baseline -0.003 -15"><span class='ocrx_word' id='word_1_205' title='bbox 213 4138 362 4210; x_wconf 85' lang='lat' dir='ltr'><strong>duanae:</strong></span> <span class='ocrx_word' id='word_1_206' title='bbox 384 4140 505 4212; x_wconf 83' lang='lat' dir='ltr'><strong>ethna</strong></span> <span class='ocrx_word' id='word_1_207' title='bbox 530 4143 560 4213; x_wconf 92' lang='lat' dir='ltr'><strong>si</strong></span> <span class='ocrx_word' id='word_1_208' title='bbox 587 4141 643 4214; x_wconf 88' lang='lat' dir='ltr'><strong>hio</strong></span> <span class='ocrx_word' id='word_1_209' title='bbox 669 4145 808 4214; x_wconf 91' lang='lat' dir='ltr'><strong>moriar.</strong></span> <span class='ocrx_word' id='word_1_210' title='bbox 836 4139 895 4213; x_wconf 89' lang='lat' dir='ltr'><strong>Sin</strong></span> <span class='ocrx_word' id='word_1_211' title='bbox 921 4138 1012 4224; x_wconf 91' lang='lat' dir='ltr'><strong>ulibi,</strong></span> <span class='ocrx_word' id='word_1_212' title='bbox 1040 4138 1085 4210; x_wconf 91' lang='lat' dir='ltr'><strong>ad</strong></span> <span class='ocrx_word' id='word_1_213' title='bbox 1109 4135 1291 4210; x_wconf 88' lang='lat' dir='ltr'><strong>arbitrium</strong></span> 
     </span>
     <span class='ocr_line' id='line_1_30' title="bbox 214 4257 1291 4357; baseline -0.005 -27"><span class='ocrx_word' id='word_1_214' title='bbox 214 4261 348 4351; x_wconf 86' lang='lat' dir='ltr'><strong>praelati</strong></span> <span class='ocrx_word' id='word_1_215' title='bbox 379 4262 471 4334; x_wconf 86' lang='lat' dir='ltr'><strong>illins</strong></span> <span class='ocrx_word' id='word_1_216' title='bbox 503 4264 663 4335; x_wconf 85' lang='lat' dir='ltr'><strong>ecclesiae</strong></span> <span class='ocrx_word' id='word_1_217' title='bbox 695 4265 729 4335; x_wconf 91' lang='lat' dir='ltr'><strong>in</strong></span> <span class='ocrx_word' id='word_1_218' title='bbox 761 4286 829 4357; x_wconf 93' lang='lat' dir='ltr'><strong>qua</strong></span> <span class='ocrx_word' id='word_1_219' title='bbox 864 4262 1064 4335; x_wconf 82' lang='lat' dir='ltr'><strong>reconditus</strong></span> <span class='ocrx_word' id='word_1_220' title='bbox 1095 4263 1217 4331; x_wconf 89' lang='lat' dir='ltr'><strong>luero:</strong></span> <span class='ocrx_word' id='word_1_221' title='bbox 1244 4257 1291 4326; x_wconf 91' lang='lat' dir='ltr'><strong>ita</strong></span> 
     </span>
     <span class='ocr_line' id='line_1_31' title="bbox 216 4378 1294 4481; baseline 0.003 -33"><span class='ocrx_word' id='word_1_222' title='bbox 216 4389 328 4454; x_wconf 91' lang='lat' dir='ltr'><strong>tamen</strong></span> <span class='ocrx_word' id='word_1_223' title='bbox 351 4395 388 4456; x_wconf 93' lang='lat' dir='ltr'><strong>ut</strong></span> <span class='ocrx_word' id='word_1_224' title='bbox 407 4386 451 4458; x_wconf 89' lang='lat' dir='ltr'><strong>de</strong></span> <span class='ocrx_word' id='word_1_225' title='bbox 471 4387 563 4462; x_wconf 86' lang='lat' dir='ltr'><strong>diota</strong></span> <span class='ocrx_word' id='word_1_226' title='bbox 587 4390 780 4481; x_wconf 88' lang='lat' dir='ltr'><strong>quantitate</strong></span> <span class='ocrx_word' id='word_1_227' title='bbox 798 4390 913 4462; x_wconf 90' lang='lat' dir='ltr'><strong>nullus</strong></span> <span class='ocrx_word' id='word_1_228' title='bbox 935 4388 1022 4458; x_wconf 91' lang='lat' dir='ltr'><strong>ultra</strong></span> <span class='ocrx_word' id='word_1_229' title='bbox 1047 4384 1204 4475; x_wconf 85' lang='lat' dir='ltr'><strong>singulos</strong></span> <span class='ocrx_word' id='word_1_230' title='bbox 1224 4378 1294 4451; x_wconf 86' lang='lat' dir='ltr'><strong>dn·</strong></span> 
     </span>
     <span class='ocr_line' id='line_1_32' title="bbox 215 4507 484 4603; baseline 0.026 -32"><span class='ocrx_word' id='word_1_231' title='bbox 215 4512 309 4575; x_wconf 85' lang='lat' dir='ltr'><strong>catos</strong></span> <span class='ocrx_word' id='word_1_232' title='bbox 330 4507 484 4603; x_wconf 89' lang='lat' dir='ltr'><strong>ancipiat.</strong></span> 
     </span>
    </p>
   </div>
   <div class='ocr_carea' id='block_1_5' title="bbox 0 0 1422 5086">
    <p class='ocr_par' dir='ltr' id='par_1_7' title="bbox 0 0 1422 5086">
     <span class='ocr_line' id='line_1_33' title="bbox 0 0 1422 5086; baseline 0 0"><span class='ocrx_word' id='word_1_233' title='bbox 0 0 1422 5086; x_wconf 95' lang='lat' dir='ltr'><strong> </strong></span> 
     </span>
    </p>
   </div>
  </div>
 </body>
</html>
