2834 5086
163 626 222 685 280
499 638 539 684 nn
562 637 661 683 annes
683 632 905 683 tatttntamnus

167 791 266 880 pleno
286 810 347 857 ore
371 786 513 857 laudare
536 798 652 877 potes,
680 795 718 853 et
743 786 799 853 itte
822 783 869 853 de
889 794 923 852 te
948 780 1250 873 contemptissimo

168 911 328 1001 loquitur.
350 909 426 998 Ego
447 909 475 975 si
494 918 610 977 tantas
632 908 721 975 inter
740 914 858 999 partes
886 902 992 973 iudex
1012 901 1095 983 sim,
1122 922 1250 992 quam-

165 1054 268 1123 quam
292 1031 434 1102 indicari
455 1053 475 1100 a
496 1031 618 1122 parvis
640 1049 766 1119 magne
785 1048 922 1108 verear,
945 1046 1061 1096 meum
1077 1023 1247 1095 iudicium

166 1156 278 1225 dicam
302 1166 430 1223 tamen.
463 1154 522 1221 ttte
554 1150 708 1234 uberior,
739 1160 775 1220 tu
807 1152 952 1232 acutior,
982 1149 1040 1217 itte
1063 1147 1180 1228 altior,
1208 1158 1247 1217 tu

166 1279 313 1347 cantior:
336 1288 371 1346 et
392 1287 428 1344 tu
448 1275 590 1366 quidem
611 1273 785 1363 ingenium
802 1273 881 1342 eius
898 1280 934 1339 ct
953 1268 1108 1341 studium
1127 1277 1165 1339 et
1183 1268 1249 1339 do-

166 1400 310 1467 ctrinam
344 1396 478 1475 luridas,
513 1397 717 1466 electionem
747 1416 788 1464 ac
815 1394 978 1464 iudicium
1010 1412 1080 1462 nnn
1105 1389 1247 1463 landas:

169 1518 285 1587 stilum
307 1538 392 1587 sero
412 1526 613 1609 corruptum
633 1528 667 1585 et
689 1512 851 1586 omnibus
871 1513 966 1583 vitiis
983 1512 1130 1583 fractum
1148 1509 1248 1584 dicis.

170 1642 229 1710 ttte
246 1650 362 1709 antem
381 1648 414 1707 te
431 1636 521 1709 inter
538 1659 601 1708 eos
619 1646 779 1709 numerat
795 1656 942 1728 quorum
957 1656 1035 1705 cum
1053 1634 1141 1727 ipsis
1157 1636 1249 1705 tama

170 1762 306 1852 sepulta
325 1771 396 1842 est,
416 1781 495 1829 curn
516 1781 581 1830 nec
600 1760 684 1830 dnm
703 1772 763 1829 tua
783 1760 874 1830 sama
892 1758 1027 1849 sepulta
1048 1757 1107 1841 sit,
1124 1777 1191 1828 nec
1211 1768 1250 1827 tu

171 1884 227 1952 nto
248 1878 423 1951 scribente
442 1891 502 1952 aut
524 1883 682 1974 sepultus
701 1902 803 1953 esses
824 1890 886 1951 aut
905 1892 1072 1951 mortuus.
1093 1880 1155 1951 ttte
1176 1890 1252 1951 cte-

172 2003 240 2070 nim
263 2000 331 2072 sub
350 2002 486 2072 Nerone
502 2000 601 2086 abiit,
624 2014 660 2073 tu
681 2016 760 2095 post
778 2001 871 2072 ittius
891 2012 927 2071 et
949 2000 1098 2071 Neronis
1117 1998 1251 2071 abitum

172 2122 240 2193 sub
256 2120 367 2197 Galba
387 2123 531 2196 Romam
551 2148 599 2196 ex
620 2125 786 2217 Hispania
813 2123 957 2208 venisti,
981 2126 1180 2215 multosque
1202 2120 1253 2193 ibi

172 2258 252 2338 post
270 2268 381 2318 annos
402 2248 533 2319 sororis
548 2248 732 2319 Domitiani
757 2248 923 2342 principis
939 2255 1106 2341 nepotum
1130 2268 1253 2319 curam

173 2368 249 2460 ipso
271 2370 458 2441 mandante
480 2370 676 2461 suscipiens
696 2390 833 2439 morum
860 2368 1129 2461 studiorumque
1155 2370 1257 2441 iuve-

173 2491 294 2561 nilium
314 2514 441 2562 censor
466 2494 593 2574 sactus,
622 2490 803 2582 utriusque
828 2492 878 2561 rei
899 2491 1029 2562 eximia
1049 2510 1127 2583 spo,
1158 2486 1257 2581 qnod

175 2614 209 2679 in
224 2614 345 2693 tatuit,
359 2613 473 2692 credo,
495 2610 598 2681 fidem
618 2611 818 2705 implet-iste
840 2626 970 2695 tamen,
993 2624 1032 2684 ut
1046 2610 1163 2683 statim
1177 2622 1260 2705 post

175 2734 380 2805 Plutarchus
401 2734 446 2805 ad
467 2734 653 2805 Traianum
675 2735 804 2819 scribit,
828 2749 965 2807 tuorum
986 2733 1259 2805 adolescentium

176 2856 355 2927 temeritas
384 2857 420 2925 in
444 2865 477 2927 te
498 2856 704 2929 refunditur,
724 2858 813 2927 Ninit
832 2857 935 2928 modo
955 2854 1050 2949 quod
1066 2854 1259 2927 scriberem

176 2978 269 3050 atiud
293 2980 366 3050 fuit..
396 2980 486 3072 Opto
512 2992 545 3051 te
578 2981 784 3052 incolumem
809 2981 940 3063 ridere,
968 2992 1003 3049 et
1029 2976 1140 3048 sicubi
1165 2986 1261 3049 totns

177 3122 232 3184 es,
263 3121 326 3172 oro
357 3122 401 3170 ne
429 3102 562 3173 diutius
595 3126 650 3173 mc
677 3105 799 3172 lateas.
831 3103 926 3173 Vale.
947 3101 1062 3192 ‘Apud
1093 3118 1259 3193 superoS,

179 3226 268 3292 inter
280 3222 464 3291 dexterum
482 3222 655 3316 Apennini
670 3226 759 3295 latus
775 3234 811 3293 et
830 3223 1012 3294 dexteram
1026 3222 1111 3292 Arni
1132 3222 1259 3317 ripam,

178 3346 268 3411 int-ra
286 3342 381 3432 ipsos
396 3344 520 3433 patriae
537 3364 626 3413 meae
638 3364 774 3425 muros,
791 3344 848 3414 ubi
863 3347 1012 3438 primum
1027 3343 1111 3415 mibi
1121 3352 1262 3438 coeptus

178 3488 217 3536 es
239 3464 353 3549 nosci,
376 3456 384 3488 '
412 3486 524 3556 eoque
551 3465 627 3559 ipso
655 3476 809 3559 tempore
834 3468 905 3535 vtt.
933 3462 1260 3565 Idus-Decembris.

178 3590 279 3657 Anno
304 3589 381 3659 eius
405 3611 510 3681 quern
528 3590 696 3659 Dominus
723 3602 804 3661 tuus
829 3591 990 3682 persequi
1017 3586 1137 3659 maluit
1151 3606 1259 3678 quam

179 3730 284 3778 nosse
304 3712 458 3780 MCCCL.

306 3904 312 3935 ¹
331 3906 357 3954 tn
378 3907 440 3956 Cod.
463 3904 565 3953 thnt.
584 3904 656 3953 xxt't
673 3904 735 3955 Bibt.
757 3906 876 3955 Laurent.
899 3918 974 3955 manu
991 3904 1070 3955 iacobi
1086 3918 1133 3955 sen
1150 3902 1212 3967 Lapt
1228 3898 1263 3953 tle

180 3982 374 4039 tlastieitoncbio
386 3982 480 4045 legitur
493 3982 524 4032 ad
536 3980 590 4032 hacc
602 3982 700 4031 sertia«
712 3982 802 4031 i'ertun
815 3982 888 4039 diris,
902 3984 960 4047 pitin
974 3996 1017 4043 epo
1029 3980 1100 4031 titum
1116 3980 1262 4033 timotiani

180 4063 238 4109 itum
252 4063 353 4113 Itomom
367 4068 474 4125 peteres,
487 4076 559 4125 quent
572 4068 642 4120 aute,
658 4066 685 4113 ut
699 4062 797 4120 dimitti,
809 4077 937 4127 nunquam
948 4063 1055 4113 viderur.
1069 4078 1080 4105 n

680 4306 757 4317 ⁶—-
