2670 4688
121 234 162 296 90
455 246 496 294 nn
517 243 617 294 nunus
637 243 859 294 ruunrunmos

121 383 214 477 apud
234 385 390 453 Poetam:
424 383 570 452 intonuit
602 383 736 467 levam,
763 384 951 475 laetumque
978 392 1037 454 est
1065 384 1207 459 tonitru

120 507 214 600 quod
231 514 286 577 est
306 509 446 589 laevum,
469 526 511 576 ea
531 504 662 576 scilicet
691 504 837 588 ratione,
863 504 958 597 quod
990 526 1076 597 quaa
1110 507 1207 581 laeva

123 642 203 700 sunt
223 629 335 713 nobis,
358 628 503 699 dextera
524 638 606 698 sunt
626 629 780 721 superis
802 628 896 700 unde
915 626 1029 699 omnis
1053 650 1206 725 prospe-

123 753 205 822 ritas
223 751 440 845 expectandu
459 762 524 821 ost.
547 750 644 821 Licet
656 749 711 820 hio
723 771 862 843 quoque
875 751 963 822 inter
976 772 1042 822 nos
1055 750 1207 825 Graios·

121 899 190 968 quo
209 886 244 947 et
264 873 431 946 barbaros
453 877 560 945 multa
582 876 628 945 sit
644 874 701 958 lia,
726 875 829 967 quod,
857 884 896 944 nt
925 864 1096 959 diximus
1135 897 1204 949 nos

123 1000 272 1083 sinistra,
295 998 342 1068 iili
360 998 463 1068 etiam
484 998 519 1067 in
537 997 694 1088 auguriis
714 996 862 1068 dextera
883 1007 1006 1089 putant
1020 1018 1108 1070 esse
1128 1000 1207 1072 seli-

120 1122 183 1193 eia.
202 1118 289 1202 Quae
306 1119 472 1212 ambages
492 1119 655 1213 quoniam
676 1119 853 1214 proculab
872 1121 1011 1213 incepto
1031 1130 1134 1207 runt,
1161 1123 1206 1196 ir-

123 1243 182 1313 lnd
210 1240 255 1314 ad
285 1263 457 1314 summam
476 1244 615 1315 noveris
638 1243 726 1315 bano
746 1245 930 1315 infaustum
957 1266 998 1316 ao
1018 1243 1204 1319 sinistram

123 1365 239 1435 tibiam
261 1386 400 1458 passam
422 1364 523 1435 modo
544 1367 638 1458 quod
655 1367 756 1438 solita
772 1375 842 1452 est,
864 1365 927 1437 sed
949 1367 1135 1460 insperato
1160 1368 1205 1443 ab

122 1486 233 1557 hoste.
255 1489 304 1556 lta
330 1487 475 1558 diiunctus
502 1511 601 1560 meus
627 1490 747 1561 Cicero
771 1490 871 1560 ouius
896 1488 976 1558 otim
1003 1510 1082 1576 cor,
1113 1514 1205 1565 nunc

124 1607 239 1679 tibiam
260 1611 467 1681 vulneravit.
490 1613 540 1680 Tu
558 1611 690 1704 integer
706 1623 741 1684 ot
757 1612 904 1697 illaesus3
926 1613 1015 1683 vale.

262 1752 356 1809 Idibus
371 1753 509 1823 Octobris,
526 1762 604 1811 nocte
618 1756 717 1811 media.

538 2235 714 2301 aulsrouu
735 2237 779 2300 xi.

248 2379 440 2431 rnuuerscus
460 2380 628 2431 narnanca
648 2382 744 2432 usuro
763 2382 916 2435 nonuuno
937 2386 964 2435 s.
985 2386 1013 2434 r.
1037 2388 1070 2438 n.

229 2515 329 2572 Narrat
343 2516 510 2587 singularem
522 2516 633 2573 Henrioi
648 2516 742 2589 Capra)
757 2517 786 2573 in
801 2534 831 2573 se
845 2516 1084 2593 benevolentiam,

327 2607 406 2663 euius
419 2607 524 2663 visendi
538 2609 625 2679 gratia
638 2626 668 2664 se
683 2609 849 2680 Bergomum
863 2609 989 2665 eontulit.

219 2847 289 2918 lum
312 2850 396 2922 satis
417 2873 531 2922 rerum
566 2872 721 2922 mearum
755 2848 917 2922 minutias
948 2851 1079 2942 legisti,
1109 2860 1201 2931 satir

122 2970 332 3043 Ciceroniaui
365 2973 521 3044 vulneris
554 2970 723 3065 prooessit
755 2971 908 3044 historia.
930 2974 979 3044 No
1003 2985 1121 3048 autem
1142 3002 1203 3055 so-

122 3096 191 3165 lam
213 3094 413 3166 Ciceronem
446 3093 542 3187 diligi
575 3094 632 3175 ab,
654 3094 781 3186 ignotis
814 3095 952 3180 credas,
985 3119 1092 3168 uanum
1127 3100 1199 3175 illis

120 3219 296 3304 adiiciam,
317 3216 412 3312 quod
432 3216 512 3288 boot
530 3231 633 3290 vetus
653 3216 746 3309 apud
768 3224 816 3302 te,
844 3240 936 3288 nova
957 3217 1111 3291 animum
1134 3222 1201 3295 ad·

121 3345 301 3415 miratione
323 3340 514 3435 perfundat.
545 3342 609 3412 Est
635 3339 691 3411 hio
724 3362 863 3432 sempor
883 3339 917 3409 in
938 3341 1046 3410 ocutis
1063 3342 1199 3436 Pergu-

121 3491 213 3538 mum
236 3468 341 3540 ltaliae
361 3466 476 3557 alpina
495 3466 590 3536 urbs.
611 3464 712 3547 Nam,
736 3476 773 3535 ut
794 3464 896 3546 nosti,
919 3465 984 3535 alia
1005 3463 1109 3535 buius
1130 3488 1199 3539 no·

120 3591 222 3660 minis
257 3591 290 3660 in
321 3590 403 3659 Asia
432 3599 508 3672 est,
547 3588 628 3661 olim
669 3585 772 3658 Attali
811 3586 918 3677 regia,
956 3589 1194 3660 Romanorum

121 3723 197 3800 post
218 3714 415 3785 liaeroulitus.
442 3711 477 3781 ln
506 3712 569 3785 bac
590 3722 710 3803 nostra
734 3711 789 3779 vir
812 3721 865 3780 est
886 3731 975 3779 unus
996 3711 1194 3783 litterarum

116 3835 213 3911 ,ιιιιιιι
235 3838 369 3919 notitia,
385 3836 447 3908 sod
460 3837 599 3928 ingenio
615 3833 699 3913 aori,
723 3832 750 3900 si
771 3833 974 3924 tempestive
993 3833 1112 3903 littoris
1127 3835 1195 3906 da·

121 3966 191 4025 tum
222 3971 330 4029 osset:
357 3962 500 4035 artifieio
528 3974 645 4034 autem
676 3952 863 4035 aurifaber,
886 3952 989 4047 inque
1018 3980 1060 4028 oo
1090 3960 1196 4050 longe

120 4080 291 4164 mainerus,
327 4085 490 4177 quodque
521 4084 689 4181 optimum
724 4074 829 4148 babet
861 4075 1011 4150 hominis
1050 4087 1193 4165 natura,
