2670 4688
266 334 359 384 ornan
380 333 543 385 vtcnsruus
565 334 951 408 secuturus—urinum
974 339 1003 387 x.
1114 325 1170 387 tlt

522 587 698 653 uptslotn
719 589 752 651 x.

136 752 332 806 rntbctsctts
346 755 515 806 Pnnblttcn
531 756 709 806 Futnuctsco
726 756 833 807 Pttlottt
848 756 892 807 SS.
906 758 1136 810 itrosrotottult

575 854 602 903 S.
624 856 651 905 P.
674 857 704 904 b.

266 989 415 1044 Sacrorum
428 989 584 1045 litterarum
597 990 689 1046 studio
705 1008 735 1046 se
750 991 883 1047 intentius
897 1007 1004 1046 vacare.

196 1219 437 1291 Animadverti
458 1242 505 1292 ex
525 1222 672 1314 epistola
693 1219 845 1312 quadam
867 1231 926 1291 tua
943 1221 1081 1314 placere
1100 1219 1175 1303 tibi,

98 1341 190 1434 quod
214 1342 442 1414 saeoularibos
468 1364 566 1415 sacra
589 1342 825 1436 permisceam.
848 1343 957 1434 idque
982 1345 1039 1414 vel
1060 1343 1179 1415 Hiero-

98 1488 204 1559 nymo
225 1467 428 1558 placiturum
446 1486 587 1537 censes:
601 1487 644 1537 ea
660 1465 840 1568 varietatis
858 1466 1052 1551 amoenitas,
1071 1465 1101 1535 is
1118 1464 1179 1536 de-

97 1610 157 1660 cor
177 1586 323 1671 ordinis,
350 1608 393 1658 ea
417 1600 473 1659 est
498 1595 537 1658 ut
561 1586 692 1659 asseris
718 1587 773 1658 vis
801 1586 980 1659 iuncturae.
1009 1583 1180 1671 Quidvis

98 1709 232 1781 dicam?
251 1712 300 1782 De
320 1711 465 1803 reliquis
483 1722 521 1782 ut
537 1709 677 1781 videtur
694 1708 823 1794 iudica,
843 1723 936 1782 certe
955 1731 1020 1781 neo
1039 1710 1108 1781 lalli
1130 1711 1181 1780 la·
1280 1773 1282 1777 .

98 1834 189 1916 cilia,
208 1856 272 1905 nec
292 1834 411 1905 fallere
430 1832 566 1918 solitus,
585 1832 652 1904 nisi
674 1832 767 1925 qnod
782 1832 841 1925 qui
860 1842 979 1903 amant
996 1855 1064 1904 non
1082 1831 1181 1903 laoile

103 1955 218 2038 modo,
245 1955 308 2027 sed
327 1954 455 2047 cupide
474 1956 543 2027 lalli
564 1957 686 2028 solent.
704 1953 766 2026 His
783 1976 870 2047 ergo
889 1955 1043 2038 omissis,
1065 1953 1110 2026 de
1127 1974 1182 2024 me

97 2078 210 2150 dicam
236 2078 351 2175 deque
371 2077 497 2150 affectu
518 2099 611 2150 novo
630 2077 770 2170 quidem
791 2078 939 2149 sedium
957 2076 1088 2162 valido,
1110 2098 1181 2168 quo

97 2193 143 2264 ad
164 2194 294 2265 litteras
320 2214 440 2265 sacras
463 2193 564 2264 stilus
590 2193 799 2285 animusque
825 2212 925 2264 meus
952 2189 1078 2283 agitur.
1101 2190 1182 2260 lrri·

99 2317 205 2388 deant
236 2315 391 2408 superbi,
424 2315 552 2408 quibus
586 2314 784 2386 divinorum
814 2315 1030 2407 eloquiorum
1062 2313 1181 2384 sordet

100 2424 303 2518 austeritas,
321 2447 358 2505 et
376 2457 441 2505 ceu
460 2447 569 2505 castae
589 2446 758 2506 matronae
778 2437 893 2506 cultus
921 2435 1056 2526 parcior
1075 2435 1180 2507 olien-

99 2557 151 2626 dit
170 2557 291 2626 oculos
312 2556 518 2625 meretriciis
539 2564 702 2625 assuetos
724 2554 822 2624 lucis.
843 2554 920 2644 Ego
945 2576 1015 2624 non
1040 2556 1182 2646 permit-

101 2675 255 2748 tentibus
273 2677 386 2747 solum
403 2675 466 2746 sed
483 2674 730 2769 plaudentibus
742 2675 868 2757 Musis,
885 2685 921 2745 et
941 2674 1095 2746 secundo
1107 2673 1181 2747 fieri

101 2821 180 2871 rear
199 2798 371 2893 Apolline,
387 2801 502 2891 utqui
519 2798 730 2871 iuvenilibus
752 2800 929 2872 iuventam
948 2799 1072 2869 studiis
1088 2798 1179 2878 dedi,

98 2924 322 2995 maturiorem
344 2931 484 2994 aetatem
505 2921 708 2993 melioribus
725 2922 820 2994 curis
845 2921 941 3005 dem3
963 2944 1076 3014 neque
1097 2920 1180 2993 mihi

98 3044 262 3117 dedecori
294 3045 515 3128 vertendum,
543 3044 573 3115 si
604 3046 665 3137 qui
699 3044 824 3117 totiens
855 3046 901 3118 ad
932 3044 1044 3116 inanis
1077 3049 1181 3116 famae

100 3168 314 3259 praeconium
346 3179 583 3260 ventosasque
616 3167 794 3238 hominum
821 3168 960 3250 landeS,
986 3168 1031 3240 ad
1057 3166 1181 3239 laudes

101 3287 276 3358 Creatoris
290 3289 358 3358 mei
379 3290 494 3362 media
515 3297 616 3361 nocte
634 3310 871 3380 consurgens,
893 3287 1021 3381 quietis
1043 3298 1181 3381 tempus

101 3430 312 3501 somnosque
337 3409 382 3480 illi
408 3413 669 3503 me08,lregero
693 3413 754 3505 qui
783 3433 852 3482 non
877 3411 1041 3482 dormitat
1068 3431 1181 3502 neque
1295 3454 1304 3470 ·

101 3531 231 3603 dormit
243 3531 443 3604 custodiens
457 3534 562 3623 lsrael
571 3589 578 3616 ,
587 3555 703 3626 neque
716 3533 905 3606 universali
918 3531 1087 3604 custodiae
1100 3553 1182 3603 con-

27 3684 34 3695 ·
101 3663 231 3740 tentus,
254 3677 470 3767 magnoque
489 3655 652 3742 custodit,
671 3667 705 3728 et
726 3657 880 3729 solicitus
898 3669 952 3728 est
972 3658 1049 3741 mei,
1070 3656 1183 3750 quod-

103 3800 172 3872 que
192 3801 259 3870 ego
284 3779 318 3848 in
344 3766 403 3849 do
420 3778 512 3850 clare
536 3776 739 3861 admodum,
767 3781 802 3848 in
829 3800 867 3849 se
892 3799 1014 3849 omnes
1035 3800 1104 3849 non
1127 3779 1180 3850 in-

104 3903 193 3994 grati
207 3901 370 3984 sentiunt,
388 3899 433 3972 ita
447 3901 603 3991 singulos
622 3912 740 3975 servat
755 3901 855 3994 quasi
869 3899 1022 3972 omnium
1039 3901 1179 3987 oblitus,

101 4025 148 4094 ita
171 4046 293 4096 omnes
320 4023 411 4117 regit
434 4024 538 4117 quasi
566 4022 781 4116 singulorum
808 4024 1004 4115 negligens;
1031 4024 1181 4117 denique

102 4145 153 4217 sic
173 4156 338 4220 statutum
359 4145 540 4240 fixumque
566 4148 683 4218 animo
705 4153 772 4228 es't,
802 4147 831 4217 si
857 4169 904 4217 ox
931 4149 1000 4218 alto
1025 4146 1178 4226 dabitur,
