2670 4688
257 302 351 352 ululllt
372 302 897 352 vlesstltusrlttrrlos-crissoto
921 303 1004 352 xvlll.
1105 288 1165 350 235

83 450 142 521 illa
168 458 390 541 preteream,
418 469 487 519 noo
520 447 586 518 hoc
614 451 748 521 calamo
774 451 867 543 inopi
894 451 957 521 sed
984 451 1166 522 Homerico

82 571 189 662 digna
223 570 410 663 preconio,
446 591 559 662 neque
591 570 750 663 epistolae
777 570 957 642 materiam
985 573 1046 643 sad
1074 571 1164 654 libri,

84 692 380 787 quemadmodum
400 694 455 762 vel
474 691 563 763 bella
584 694 692 762 armis
711 700 748 762 et
767 693 940 763 castrensi
957 694 1092 786 peritia,
1110 698 1166 767 vel

84 814 223 906 legibus
251 816 307 885 vel
339 812 432 884 civili
464 813 594 884 iustitia
625 835 745 906 pacem
779 835 895 905 regas.
923 813 1076 895 Quarum
1107 816 1166 886 libi

85 940 257 1011 hactenus
288 935 415 1007 artium
449 936 625 1028 Neapolis,
659 944 695 1005 et
728 937 785 1006 illa
819 947 898 1007 aute
925 938 1012 1007 alios
1032 937 1169 1008 laudata

86 1059 296 1152 Campania;
315 1080 408 1128 nunc
427 1058 541 1128 Sicilia
575 1066 629 1129 est
662 1060 778 1144 testis,
815 1070 852 1130 et
885 1058 1063 1130 Arethusa
1100 1060 1168 1131 iam

88 1185 211 1263 laetior,
234 1193 340 1274 atque
360 1181 487 1253 AEthna
511 1182 694 1277 tepentior,
721 1194 757 1254 et
782 1180 955 1278 Carybdis
974 1184 1170 1254 reverentia

89 1316 158 1377 tuae
182 1303 306 1376 frontis
330 1316 366 1378 et
390 1315 529 1377 tuorum
555 1317 696 1379 actuum
729 1304 959 1377 admiratione
992 1305 1169 1398 placatior.

87 1428 201 1500 illacto
221 1428 351 1500 virtute
374 1429 563 1523 multiplici,
589 1438 695 1521 atque
715 1430 749 1498 in
772 1428 894 1521 primis
920 1448 1041 1498 omnes
1067 1427 1169 1498 animi

88 1552 189 1622 dotes
208 1551 401 1623 adornante
421 1551 608 1636 modestia,
630 1552 689 1644 qui
712 1551 773 1623 tibi
798 1551 892 1645 apud
916 1560 1078 1645 posteros
1100 1560 1170 1623 non

88 1675 256 1744 minorem
278 1693 326 1742 ex
346 1671 401 1743 his
423 1674 528 1763 nugis
551 1672 640 1744 meis
656 1694 763 1766 quam
782 1695 829 1744 ex
850 1673 944 1743 omni
962 1683 1020 1744 tua
1037 1674 1172 1764 magni-

90 1794 208 1866 tudine
224 1794 353 1864 lamam
371 1816 509 1887 speres,
527 1794 634 1886 idque
651 1815 810 1890 persaepe
828 1794 897 1866 tuis
914 1794 959 1866 ad
978 1816 1032 1867 me
1050 1793 1172 1866 litteris

89 1919 241 1989 fateare:
275 1937 374 1988 error
400 1917 558 1987 fortassis
584 1915 771 2001 honestior,
795 1916 858 1988 sed
888 1938 955 1986 non
990 1918 1103 1986 minor
1126 1936 1172 1985 ex

90 2059 208 2109 amore
228 2039 356 2109 oriens.
380 2039 454 2130 Ego
475 2062 560 2110 vero
581 2062 649 2110 non
670 2040 784 2111 dicam
802 2039 894 2132 apud
917 2039 993 2110 illos
1014 2039 1074 2130 qui
1096 2048 1174 2128 post

90 2184 146 2233 me
179 2171 381 2247 nascentur,
408 2163 454 2233 ad
478 2184 567 2255 quos
599 2163 717 2234 nescio
741 2185 785 2234 an
814 2162 1001 2253 vestigium
1032 2157 1171 2252 aliquod

91 2285 157 2356 mei
179 2284 328 2355 nominis
350 2286 395 2354 sit
417 2296 618 2368 venturum,
641 2285 702 2356 sed
724 2285 814 2378 apud
839 2295 1032 2378 praesentes
1054 2283 1173 2373 utique

93 2408 176 2478 tanti
199 2406 264 2476 viri
290 2406 437 2496 gratiam
465 2428 535 2476 non
560 2406 680 2477 diffido
713 2406 833 2498 gloriae
859 2406 943 2475 mihi
968 2409 1064 2476 lore:
1093 2425 1171 2473 nam

92 2526 219 2618 gaudio
244 2527 384 2618 quidem
409 2536 446 2597 et
471 2526 729 2598 honestissimae
767 2527 936 2619 voluptati
973 2548 1041 2596 non
1071 2544 1173 2614 spero

93 2651 184 2718 illam
207 2647 290 2717 mihi
310 2669 408 2732 esse,
436 2648 497 2720 sed
520 2649 643 2718 sentio.
666 2649 758 2717 Sanc
777 2647 871 2739 quod
894 2646 1055 2738 parvitati
1087 2664 1174 2712 meae

93 2763 366 2856 magnitudinem
401 2778 491 2836 tuam
519 2765 636 2847 offers,
664 2764 829 2857 quodque
854 2764 1015 2834 allectum
1042 2778 1172 2837 meum,

91 2889 276 2979 quiquam
298 2887 423 2959 efficax
443 2888 547 2959 luerit
566 2889 684 2958 exitus
705 2894 842 2978 arguet,
866 2884 929 2958 sed
951 2882 1045 2954 baud
1069 2878 1176 2952 dubie

93 3007 206 3079 fidelis
223 3011 286 3081 luit
306 3032 346 3081 ac
366 3009 537 3092 fervidus,
557 3009 604 3083 ad
619 3012 772 3082 Priorem
790 3021 949 3082 nostrum
968 3009 1173 3078 Sanctorum

92 3131 350 3222 Apostolorum,
371 3144 407 3205 et
429 3135 524 3226 quod
549 3157 612 3228 pro
637 3135 695 3207 illo
721 3133 853 3206 tentavi
874 3131 1024 3202 mixtum
1050 3118 1175 3214 gloriae

94 3263 165 3325 tum
183 3252 288 3337 dicis,
310 3266 394 3347 puto
415 3278 479 3328 neo
498 3258 645 3341 falleris,
677 3257 783 3349 inque
804 3255 871 3325 hoc
892 3262 952 3322 luo
973 3265 1072 3317 more
1097 3262 1176 3311 ver-

94 3373 185 3446 saris
204 3378 531 3450 commemoratione
551 3379 767 3471 gratissima,
790 3377 874 3447 lacis
892 3395 959 3443 non
977 3363 1075 3461 qnod
1091 3360 1176 3433 mitri

93 3498 266 3580 debitum,
289 3498 351 3571 sed
371 3499 466 3590 quod
487 3501 561 3585 tibi,
586 3513 623 3571 ut
643 3500 689 3573 ab
708 3500 803 3572 omni
824 3495 957 3568 scilicet
982 3495 1079 3582 parte
1099 3504 1177 3579 per·

93 3627 206 3694 lectus
220 3621 281 3692 sis.
296 3621 444 3693 Proinde
456 3621 588 3694 crebris
607 3634 711 3717 atque
729 3617 924 3712 magnificis
943 3605 1177 3682 oblationibus

95 3748 179 3829 luis,
202 3746 231 3815 si
255 3767 309 3815 res
332 3744 460 3828 tulerit,
484 3758 562 3818 utar
583 3745 716 3837 ingenti
737 3742 877 3814 fiducia.
902 3738 963 3806 llle
983 3742 1115 3807 aulem,
1130 3727 1176 3799 de

94 3891 165 3960 quo
201 3868 391 3961 loquimur,
427 3880 464 3938 ut
498 3878 611 3939 tecum
644 3869 688 3940 de
722 3879 754 3937 te
787 3864 925 3940 sileam,
961 3874 1032 3925 nun
1061 3860 1117 3919 est
1142 3851 1173 3919 ir-

92 4016 196 4086 quem
224 3993 354 4086 possim
381 3993 482 4085 quasi
508 3993 543 4062 in
569 3995 715 4064 alterum
739 3988 818 4081 pius
838 3981 929 4053 dici:
950 3996 1077 4067 nempe
1093 3996 1174 4065 pum

94 4115 163 4186 mei
187 4127 256 4197 est,
281 4129 388 4210 atque
414 4138 505 4189 unus
530 4138 575 4199 ex
602 4114 735 4209 paucis,
759 4107 821 4202 qui
842 4103 927 4177 mihi
945 4101 985 4173 iu
1002 4098 1069 4169 bu·
1087 4118 1178 4169 mu*
