2670 4688
524 270 676 318 smsront
701 271 752 319 vn.
1117 258 1175 319 {llll

93 412 306 506 impossibile
327 412 516 483 amicorum
536 409 749 493 arbitrabar,
765 412 868 482 huius
884 413 998 484 victus
1013 413 1177 483 instantia

92 538 197 618 cessi,
220 545 256 605 et
275 534 421 606 desueta
443 534 526 624 iugo
550 534 638 603 colla
666 531 823 630 submisi.
855 534 953 605 Tanti
987 548 1041 606 est
1075 537 1177 607 liber·

94 660 172 730 tatis
194 669 230 730 et
247 657 310 726 ocii
333 677 475 737 nomen,
504 675 585 746 qnae
609 654 676 725 sub
697 655 788 727 illius
807 656 950 748 imperio
970 660 1177 749 promittun-

94 792 157 860 tur,
173 800 322 873 quorum
339 800 392 848 rne
410 780 456 849 ila
474 776 638 870 cupidum
659 788 787 850 norunt
804 799 941 860 omnes
962 790 1000 849 ul
1015 781 1175 874 quisquis

94 926 148 972 me
173 924 298 994 capere
327 901 537 984 decreverit,
572 922 639 971 non
673 902 889 993 voluptates
925 923 994 971 non
1021 900 1175 985 divitias,

93 1049 160 1098 non
183 1026 344 1104 honores,
362 1022 421 1093 sed
444 1022 519 1095 haec
536 1024 606 1094 dno
629 1034 761 1094 tantum
786 1026 885 1094 velut
905 1045 1022 1094 escam
1045 1026 1177 1118 laqueis

93 1146 257 1217 adhibeat
279 1145 481 1217 dulciorem.
506 1147 557 1216 Tu
578 1169 665 1216 vero
688 1147 748 1217 tibi
776 1147 992 1239 persuadeas
1027 1168 1081 1216 me
1102 1147 1177 1218 sive

94 1267 161 1337 sol)
193 1267 335 1351 Austro,
364 1267 439 1337 sive
461 1267 529 1337 sub
562 1269 669 1339 Arcto
703 1289 822 1359 agam,
846 1266 977 1338 tamdiu
996 1268 1177 1339 vobiscum

94 1389 208 1461 animo
229 1392 400 1470 loturum,
422 1388 587 1481 quamdiu
621 1413 753 1462 mecum
782 1392 897 1472 luero,
934 1412 1177 1482 necunquam

94 1510 139 1583 ab
160 1511 250 1582 illios
273 1509 392 1603 optimi
412 1511 478 1579 viri
501 1508 569 1582 fide
598 1522 703 1603 atque
723 1510 895 1605 obsequio
922 1509 1178 1594 discessurum,

94 1635 159 1705 nisi
177 1658 196 1705 a
215 1656 270 1704 me
291 1633 387 1729 prins
406 1633 481 1725 ipse
500 1632 711 1705 discessero.

500 2061 677 2125 EPISTULA
698 2062 766 2126 llll.

218 2239 412 2288 tnanctscus
434 2239 602 2287 Psssnattcn
624 2238 724 2287 atomo
747 2236 905 2287 Panussnsl
927 2235 953 2285 S.
977 2238 1004 2285 P.
1027 2237 1057 2284 ll.

178 2377 389 2432 Adolescenlem
404 2375 503 2429 litteris
518 2375 719 2430 instituendum
739 2376 799 2433 eius
813 2393 886 2432 crrrae
900 2376 1086 2433 commendat.

193 2611 323 2681 Amice.
346 2610 492 2679 Carmen
507 2609 687 2699 egregium
709 2607 804 2699 quod
826 2608 971 2678 misistis
992 2627 1176 2701 responso,

96 2757 165 2806 non
184 2732 325 2815 inficior,
344 2732 489 2822 dignum
511 2727 596 2800 er'al.
615 2729 744 2801 llertrm
759 2740 951 2822 occupatus
977 2727 1178 2800 mirabiliter

95 2870 131 2929 ot
151 2856 354 2935 distractus,
380 2865 517 2945 tempus
545 2851 589 2923 ad
614 2852 679 2923 ista
706 2872 774 2922 non
801 2849 923 2922 habeo.
951 2850 1054 2942 Agite
1076 2849 1178 2920 modo

97 2999 236 3049 sommo
257 2978 372 3049 studio
396 2977 494 3073 pueri
517 2976 664 3068 insignis
689 2988 724 3047 et
746 2974 877 3046 divinae
902 2974 1027 3046 indolis
1047 2995 1177 3045 curam.

96 3100 186 3188 Ego,
210 3100 338 3194 siquid
362 3101 395 3170 in
420 3123 472 3170 me
497 3101 574 3194 opis
596 3109 667 3177 est,
690 3100 724 3170 in
752 3106 908 3193 ternpore
932 3100 1057 3170 adero:
1087 3106 1123 3169 el
1141 3108 1180 3167 nl
1296 3100 1300 3107 ’

96 3222 254 3312 Apostoli
275 3222 384 3293 verbo
406 3233 494 3293 utar:
509 3233 544 3289 ln
560 3222 729 3314 plonlolr's
749 3243 807 3310 epo
825 3223 952 3312 ripato:
971 3221 1058 3289 Dens
1070 3230 1179 3288 aulem

97 3344 334 3410 incrementum
354 3342 452 3413 dabit.
476 3344 615 3413 Litterae
637 3351 767 3413 vestrae
786 3343 847 3410 XV
876 3340 1009 3412 dierum
1030 3339 1178 3433 spatium

97 3465 130 3533 in
153 3465 275 3532 itinere
299 3476 511 3554 posuerunt:
537 3464 631 3557 quod
659 3463 736 3534 ideo
754 3463 915 3547 dixerim,
939 3486 982 3533 ne
1009 3466 1123 3532 forsan
1145 3461 1177 3531 in

98 3584 363 3657 admirationem
385 3586 534 3677 aliquam
559 3588 715 3679 responsi
733 3573 884 3656 'tarditas
902 3607 968 3656 vos
985 3585 1178 3677 compellat.

98 3709 218 3777 Valele
253 3706 405 3777 feliciter.
434 3707 544 3776 XVlll
579 3705 805 3800 Septembris,
828 3705 1023 3777 Mediolani.
1050 3705 1177 3777 Fanne.

99 3843 218 3900 vester
242 3850 307 3899 ser.
