2670 4688
624 304 783 352 nintsttmt

557 632 734 698 deistunt
762 635 856 697 thv.

220 801 412 850 rusn'ctsccs
434 800 603 849 PETRAIth
624 803 777 852 EPISCOPO
799 801 1054 857 GdVdLLtCENSi
1080 811 1109 860 S.
1136 813 1167 862 P.
1192 815 1220 862 Ι).

232 943 299 1006 Qum
314 949 439 1012 tompore
451 945 577 995 anteacto
593 940 627 994 uh
642 957 675 995 eo
691 941 795 1012 accepit
809 941 952 998 beneficia
968 960 1213 1019 commemorat,

431 1036 458 1084 et
474 1046 525 1100 pro
539 1031 647 1085 noviter
665 1031 771 1085 collatis
786 1033 890 1102 gratias
904 1035 979 1104 agit.

261 1301 453 1393 Utcumque
470 1301 554 1379 otiis,
579 1323 725 1393 quorum
741 1305 796 1372 vet
811 1301 977 1376 libertate
994 1312 1059 1380 vei
1076 1333 1194 1405 opera
1207 1317 1264 1385 ire

163 1432 219 1492 tus
239 1445 345 1505 eram,
367 1425 449 1515 quid
467 1425 617 1495 dicerem
636 1423 771 1507 inueni,
789 1423 834 1494 ad
856 1435 889 1495 te
903 1428 1081 1503 seribere
1095 1437 1260 1527 cogitanti

162 1543 287 1613 mirum
312 1554 349 1614 ut
369 1566 461 1639 saepe
484 1541 588 1613 verba
614 1542 810 1614 defuerunt.
838 1545 931 1628 Quid
957 1549 1064 1621 enim
1087 1554 1264 1629 dicerem?

162 1664 212 1737 ltu
239 1666 322 1737 mihi
344 1689 549 1760 persuasum
573 1666 812 1759 profundeque
832 1667 977 1738 insitum
1009 1687 1073 1746 est
1105 1688 1210 1750 tunm
1240 1694 1264 1750 te

165 1789 347 1880 negocium
369 1811 474 1880 agene
498 1789 580 1859 dum
609 1810 723 1857 meum
755 1788 847 1879 agis,
883 1789 993 1880 idque
1032 1817 1113 1869 non
1137 1807 1265 1875 emotu-

162 1913 268 1983 menti
293 1912 569 1983 consideratione
592 1913 759 2001 vulgaris,
788 1911 850 1981 sed
876 1912 946 1982 atia
968 1919 1143 2006 quadam
1165 1949 1266 2016 gene-

161 2054 241 2104 rosa
259 2046 294 2105 ct
314 2033 466 2124 ingenua
498 2033 731 2104 aestimatione
763 2054 970 2125 paucorum,
1008 2050 1051 2109 et
1082 2043 1266 2139 inprimis

161 2166 230 2223 tua.
249 2156 337 2224 Sunt
350 2156 439 2223 enim
456 2155 514 2244 qui
530 2155 611 2223 nihil
627 2154 692 2222 nisi
713 2154 914 2248 pecuniario
936 2160 1058 2246 pretio
1079 2171 1265 2241 aestimaoe

160 2273 369 2355 didicerunt;
400 2285 539 2365 tempus
560 2276 719 2346 amicitiis
754 2276 962 2369 impendunt
993 2302 1075 2371 quo
1100 2290 1196 2361 nihi!
1218 2305 1268 2362 est

158 2397 289 2481 carim,
311 2408 377 2467 tam
400 2398 446 2465 nit
476 2397 540 2467 sibi
571 2398 734 2470 videntur
760 2398 985 2492 impendisse,
1011 2405 1089 2476 nisi
1111 2411 1265 2486 forsitan

159 2532 328 2611 quantum
352 2521 437 2591 tucri
458 2520 606 2612 idipsum
629 2533 766 2613 tempus
789 2521 926 2593 intentis
946 2522 992 2592 ad
1015 2528 1093 2598 alia
1113 2537 1267 2608 cottatu-

159 2662 237 2712 rum
263 2640 370 2711 tuisse
396 2642 582 2714 videbitur.
612 2645 700 2713 Dant
725 2645 920 2723 consitium,
949 2642 1038 2716 dant
1061 2657 1263 2744 auxilium,

159 2759 243 2834 dant
275 2760 438 2845 animam,
465 2763 549 2833 dant
582 2765 734 2858 seipsos
755 2764 837 2833 uitnit
866 2786 904 2834 se
929 2763 1081 2840 dedisse
1114 2790 1264 2867 putant:

160 2883 247 2954 torte
263 2882 366 2954 etiam
382 2907 444 2954 neo
464 2887 642 2955 falluntur:
662 2886 741 2955 atsi
761 2884 846 2976 quid
865 2885 1025 2978 pecuniae
1044 2889 1263 2986 impensum

159 3017 227 3090 est,
245 3004 280 3075 id
301 3007 529 3077 estimatione
551 3009 665 3085 tacita,
690 3008 722 3077 id
750 3007 956 3099 importunis
981 3011 1114 3084 verbis
1144 3042 1265 3117 exag.

159 3141 298 3219 geruum
319 3128 412 3200 haud
435 3129 613 3199 immerito:
640 3129 780 3222 quando
805 3129 856 3200 eis
875 3130 1018 3221 pecunia
1052 3141 1263 3224 pretiosius

160 3249 329 3330 nimiost,
355 3273 420 3321 uon
441 3263 587 3344 tempus
608 3274 675 3322 non
697 3255 802 3334 saum,
826 3273 895 3323 non
918 3251 1078 3340 sanguis,
1106 3283 1187 3334 non
1208 3272 1264 3340 vi.

160 3381 208 3455 ta,
233 3395 299 3443 uon
318 3373 441 3443 anima.
464 3376 608 3444 Tantum
632 3374 765 3466 imperii
784 3375 873 3443 inter
894 3375 1042 3443 miseros
1071 3391 1259 3461 mortales

159 3517 245 3567 auro
262 3510 475 3586 argentoque
489 3497 585 3568 dedit
602 3499 722 3567 insana
735 3499 919 3588 cupiditas.
939 3497 1012 3565 Tibi
1033 3519 1127 3572 vero
1148 3530 1258 3583 mens

158 3618 373 3697 utiudiversi
389 3618 757 3711 morosiudiciumque
770 3617 1037 3690 dissimileNon
1057 3632 1093 3689 te
1117 3645 1257 3721 super.

159 3739 255 3812 ficies
270 3764 384 3812 nerum
401 3742 499 3821 tattit3
519 3742 893 3835 soterterintrospicis‚
912 3751 946 3810 et
961 3763 1064 3810 suum
1085 3751 1254 3836 pretium

158 3865 264 3936 rebus
280 3864 389 3957 ponis.
404 3864 480 3932 Nou
495 3876 530 3934 tu
550 3888 595 3934 ox
616 3887 670 3935 me
684 3888 806 3935 aurum
823 3886 954 3957 speras,
965 3883 1031 3931 uon
1051 3867 1253 3946 ambitiosa

159 3988 333 4079 suffragia,
357 3986 418 4058 sud
438 3986 589 4057 animum
613 4009 729 4057 meum
751 3998 786 4058 et
806 3985 944 4058 obsides
967 3984 1069 4052 animi
1092 3989 1253 4069 affectus

160 4121 257 4182 tenes
278 4109 393 4202 potius
414 4131 517 4201 quum
537 4129 674 4201 speras:
709 4107 753 4180 de
779 4111 894 4181 tuturo
914 4103 1039 4175 etenim
1063 4127 1150 4198 spes
1173 4128 1251 4199 est;
