2670 4688
253 297 344 346 eruar
366 296 655 345 rrcesruusruruus.
668 296 868 345 —errsroun
890 297 954 346 viu.
1100 287 1136 348 Π

70 446 104 505 et
123 433 281 515 affabilis,
304 444 340 504 ct
360 456 439 527 quae
460 431 529 504 lide
550 431 801 526 prudentiaque
822 454 886 503 sua
908 434 1033 507 meruit
1055 436 1142 507 iute-

70 578 170 647 grum
185 568 289 649 atque
304 568 507 652 perpetuum
521 557 605 628 tanti
620 555 784 649 principis
797 576 960 640 amorem,
972 568 1140 649 quantum

69 680 149 750 ante
173 699 211 749 se
242 680 428 770 coniugum
463 680 555 750 nulla
584 691 769 750 meruerat.
802 680 902 762 Quod
924 654 967 752 'te
997 683 1138 774 quidem

70 800 193 873 iisdem
214 801 349 873 artibus
365 812 401 872 et
422 799 548 871 secisse
567 810 603 871 et
619 802 787 873 facturam
807 822 889 872 esse
908 799 1053 873 confido.
1073 801 1141 873 Sed

69 944 113 994 ne
133 944 248 995 sermo
268 923 402 1014 longior
422 923 564 994 taedium
586 927 682 1008 serat,
703 923 808 995 filium
831 921 891 993 tibi
911 923 1026 1009 datam
1047 922 1143 994 ooeli-

69 1059 125 1119 tus
144 1050 241 1119 velut
266 1047 406 1134 arrham
427 1046 605 1118 nobilioris
631 1056 754 1140 partus
780 1058 816 1119 et
840 1044 958 1138 gaudii
977 1043 1140 1138 plenioris

69 1170 148 1240 laeta
168 1172 412 1263 complectere,
438 1181 474 1241 et
492 1169 588 1262 quod
614 1180 646 1240 te
673 1190 782 1262 seque
807 1170 952 1261 dignum
978 1177 1045 1251 cst,
1073 1166 1142 1238 tuis

68 1295 161 1363 illam
181 1291 337 1365 moribus
357 1291 485 1377 imbue,
505 1293 554 1364 tui
575 1292 673 1364 effice
693 1292 921 1364 imitatricem.
939 1290 1059 1383 Neque
1077 1288 1142 1360 dil-

67 1411 157 1486 lidas
177 1436 281 1506 quam
307 1417 425 1489 Caesar
445 1437 492 1487 ex
513 1424 547 1487 tc
572 1416 692 1507 genuit
711 1426 748 1486 ct
771 1412 974 1508 parentibus
994 1412 1140 1487 similem

67 1547 103 1607 et
124 1537 282 1609 Caesareo
301 1559 443 1632 quoque
463 1537 623 1631 coniugio
642 1537 784 1630 dignam
805 1540 890 1609 lore.
959 1610 962 1616 .

207 1685 364 1756 Mediolani,
378 1687 414 1741 X.
428 1686 566 1741 Kalendas
580 1684 682 1739 lunias.

481 2140 659 2206 Epistola
680 2141 725 2204 lll.

217 2312 411 2364 Futuctscus
432 2312 601 2361 PETlllllle
623 2311 758 2361 sonunt
779 2312 839 2362 SUO
859 2313 885 2362 S.
908 2313 936 2362 Ρ.
958 2314 988 2363 D.

73 2426 77 2433 '
139 2458 271 2512 llortatur
282 2434 425 2506 ut'lorte'r'm
438 2453 467 2506 in
482 2452 603 2506 aduersis
617 2466 647 2506 se
662 2452 804 2520 exhibeat,
819 2452 950 2508 inuidiam
965 2461 1071 2510 temnat

273 2546 302 2593 et
315 2556 410 2594 rerum
424 2541 609 2594 humanarum
624 2540 772 2593 uanitatem
786 2541 927 2611 despiciat.

165 2765 303 2837 llovisti
324 2764 477 2835 animum
497 2764 616 2846 fateor,
636 2775 671 2835 et
691 2766 759 2836 nisi
777 2766 843 2838 iam
867 2768 955 2839 ratio
971 2766 1063 2839 viam
1081 2791 1143 2861 gc-

67 2889 208 2961 mitibus
228 2888 436 2970 obstrueret,
457 2885 639 2981 fixumque
663 2898 761 2961 osset
779 2893 928 2963 lortuuae
948 2893 1039 2965 nolle
1060 2913 1141 2964 suc-

66 3013 244 3096 cumbere,
280 3011 455 3084 movisses
486 3011 629 3084 forsitan
663 3023 699 3083 ct
731 3014 901 3086 lacrimae.
944 3015 983 3086 ln
1016 3014 1139 3087 litteris

65 3135 207 3229 quidem
227 3136 295 3207 tuis
316 3158 438 3206 verum
460 3137 555 3207 sensi
580 3136 674 3228 quod
695 3137 890 3210 oratoribus
912 3139 1038 3231 placet,
1059 3140 1139 3229 plus

66 3258 112 3330 ad
131 3257 469 3329 commiserationem
494 3258 712 3332 excitandam
734 3282 838 3352 posse
863 3262 997 3332 virilem
1022 3259 1139 3352 queri-

67 3381 216 3452 moniam
250 3400 353 3470 quam
381 3379 549 3452 femineos
575 3381 734 3453 eiulatus.
770 3383 803 3451 Si
834 3385 926 3454 enim
952 3393 1063 3454 status
1090 3382 1137 3451 tui

65 3501 230 3574 duritiem
251 3498 400 3569 molliter
416 3512 564 3591 questus
585 3523 697 3582 esses,
721 3503 749 3572 si
771 3504 918 3574 lortunae
940 3502 1137 3574 violentiam

68 3635 104 3695 ut
123 3645 249 3714 magna
277 3641 357 3712 pars
378 3621 554 3693 hominum
575 3624 788 3695 muliebriter
811 3625 1049 3718 deplorasseS,
1076 3623 1139 3695 de

65 3747 210 3818 luissem
232 3744 373 3836 utique;
395 3766 476 3814 nam
497 3745 576 3836 quis
597 3769 749 3837 unquam
770 3747 902 3818 amicus
923 3746 1024 3817 amici
1041 3745 1138 3817 dam·

66 3892 149 3940 uuru
176 3872 277 3939 laetus
303 3866 461 3938 audivit?
486 3867 585 3937 Nunc
611 3890 695 3938 vero
721 3892 801 3939 eum
829 3878 860 3937 te
888 3869 1024 3941 videam
1048 3868 1137 3941 inter

66 3995 233 4084 proeellas
260 3993 489 4062 humanarum
524 3981 655 4071 rerum,
684 3991 846 4082 quamuis
868 3990 1001 4076 iratum,
1022 3989 1136 4063 ventis

65 4125 219 4187 erectum
241 4127 365 4202 tamen,
396 4138 439 4187 co
457 4113 516 4187 tibi
535 4112 747 4208 profundiori
765 4113 905 4187 caritate
937 4116 1135 4210 compatior,
