2670 4688
218 270 273 330 tall
556 280 597 327 nn
618 277 719 326 nanus
740 277 965 326 raunranrnus

216 425 270 494 uio
295 420 497 516 imputanda
523 419 697 490 simulatio
723 420 798 491 veri
819 418 983 490 adiutrix.
1008 418 1050 489 Ut
1069 419 1118 488 sis
1140 416 1248 504 liber,
1273 432 1312 492 ut

217 547 265 616 sis
286 557 375 628 tuus,
400 555 437 614 ut
459 544 508 614 sis
530 545 662 627 salvus,
687 551 724 612 ut
744 542 793 611 sis
815 540 929 611 bonus
949 539 1042 613 omni
1063 538 1209 631 ingenio
1231 543 1307 614 eni-

217 667 357 738 tendum
380 676 445 736 est.
464 664 566 759 Apud
589 664 797 758 scriptorum
814 662 948 756 aliquos
971 663 1116 756 Ulysses
1138 665 1308 754 arguitur

216 788 400 859 simulasse
425 779 687 877 insaniam'quo
715 785 870 856 militiam
896 784 1127 866 detrectarem
1152 792 1190 856 ct
1218 807 1305 857 sane

217 910 244 980 si
270 931 354 980 vera
375 907 565 992 simulatio,
592 916 628 977 et
647 908 824 979 accusatio
849 908 940 978 iusta
968 916 1033 986 est,
1062 926 1138 977 suae
1163 909 1245 1000 opis
1269 917 1305 979 et

215 1030 349 1102 consilii
381 1043 543 1121 egentem
576 1030 745 1100 Graeciam
780 1030 870 1101 inter
905 1030 1077 1100 maximos
1110 1043 1303 1122 apparatus

215 1153 295 1224 belli
307 1153 488 1224 iustissimi
504 1150 683 1234 militarem
698 1151 986 1222 virumdeserere
997 1149 1220 1222 voluisserlt
1234 1174 1302 1225 non

214 1275 249 1346 in
269 1275 386 1365 regina
403 1272 610 1368 Scytharum
630 1271 782 1343 Thamiri
799 1272 983 1344 simulatus
1003 1283 1127 1357 metus,
1146 1294 1213 1344 nec
1229 1274 1302 1346 dis-

215 1399 398 1469 simulatus
420 1396 455 1465 in
476 1395 626 1477 Caesare,
650 1396 769 1464 necin
791 1393 952 1465 Ventidio
978 1394 1139 1465 simulata
1165 1394 1302 1490 cupidi-

214 1530 268 1590 tas
286 1540 327 1589 ac
342 1516 489 1588 formido
507 1516 786 1610 reprebenditnr3
801 1538 868 1588 non
887 1518 921 1586 in
939 1516 1169 1586 Themistocle
1190 1515 1299 1588 simu-

214 1645 305 1712 latus
326 1638 483 1724 morbus,
503 1660 570 1710 non
593 1638 627 1707 in
645 1639 787 1710 Claudio
807 1638 942 1709 Nerone
960 1639 1065 1730 inqua
1084 1635 1162 1707 aliis
1181 1637 1301 1710 multis

213 1760 431 1833 dissimulata
456 1759 642 1854 protectio:
673 1759 800 1854 quippe
824 1759 919 1852 quod
947 1759 1000 1830 bis
1027 1756 1161 1830 artibus
1191 1759 1300 1832 decus

214 1881 280 1954 sibi
300 1892 514 1975 quaererent,
535 1881 749 1953 exercitibus
772 1884 933 1964 salutem,
956 1893 992 1953 et
1011 1880 1134 1975 patriae
1161 1880 1302 1956 libertu-

214 2018 294 2077 tem.
312 2006 385 2076 Tua
407 2004 581 2077 simulatio
599 2005 683 2076 nulli
699 2004 877 2086 damnum,
899 2003 958 2074 tibi
979 2025 1100 2096 pacem
1122 2004 1234 2075 animi
1248 2007 1301 2077 lu·

213 2149 364 2220 gamque
385 2128 627 2219 periculorum,
650 2125 773 2220 patriae
795 2126 948 2217 requiem
970 2147 1012 2197 ac
1032 2124 1203 2216 gaudium
1219 2127 1302 2200 alla-

214 2261 290 2319 tura
307 2258 372 2320 est.
395 2249 433 2318 ln
455 2248 523 2320 tuis
543 2258 610 2318 tam
632 2248 808 2319 diuturnis
829 2249 1007 2342 tantisque
1028 2246 1212 2321 laboribus
1232 2272 1300 2323 non

213 2380 272 2442 tua
293 2373 504 2442 veltuorum
528 2372 633 2455 salus,
653 2393 719 2442 non
743 2379 812 2442 tuae
829 2374 887 2443 vel
909 2371 1118 2444 universalis
1139 2373 1298 2446 ecelesiae

213 2495 355 2567 libertas
376 2496 501 2586 agitur,
520 2517 584 2589 pro
604 2515 673 2586 qua
691 2496 775 2567 viris
797 2497 897 2569 iustis
918 2518 960 2568 ac
980 2495 1128 2567 sortibus
1145 2505 1184 2567 et
1205 2494 1294 2570 labo·

215 2639 293 2689 rare
310 2619 526 2712 propositum
542 2628 597 2689 est
613 2630 649 2689 et
664 2621 767 2690 mori:
788 2620 851 2691 sed
869 2622 1000 2715 (patere
1018 2639 1074 2689 me
1092 2618 1196 2691 solita
1212 2617 1297 2692 bdu-

210 2741 263 2811 cia
284 2763 409 2811 verum
429 2740 521 2831 loqui
539 2738 630 2832 apud
648 2741 745 2811 illum
762 2741 818 2811 cui
837 2742 921 2809 nibil
938 2741 1013 2810 dixi
1032 2762 1185 2833 unquam
1204 2739 1299 2836 quod

211 2861 244 2927 in
265 2861 381 2929 animo
398 2882 468 2931 non
488 2872 593 2943 esset,
613 2861 696 2930 nibil
718 2862 808 2933 tacui
827 2861 922 2950 quod
941 2873 1045 2946 esset,
1065 2864 1227 2956 permitte
1244 2887 1301 2938 mo

212 3001 281 3052 non
307 2980 429 3051 minori
455 2977 522 3051 fide
542 3004 648 3073 quam
675 2982 821 3054 audacia
845 2983 996 3054 animum
1024 2996 1121 3056 tuum
1150 2987 1212 3061 ubi
1235 3011 1301 3064 cu-

212 3099 341 3173 randus
373 3107 428 3171 est
456 3102 625 3193 pungere)
655 3103 884 3175 ministerium
910 3106 1026 3199 agitur
1055 3110 1300 3206 nescioquod

211 3225 334 3296 alienae
356 3221 537 3316 cupidinis,
556 3234 592 3294 et
611 3227 794 3317 negocium
818 3229 992 3321 voraginis
1014 3232 1212 3327 inexpletae.
1234 3234 1300 3308 vis

211 3360 247 3417 tu
269 3345 315 3418 ab
334 3346 429 3419 omni
453 3343 640 3439 cupiditate
661 3368 799 3441 semper
819 3363 925 3445 atque
951 3355 1138 3426 ambitione
1159 3354 1299 3428 liberri-

212 3489 303 3552 mus,
331 3468 454 3537 alienae
474 3487 566 3538 nunc
592 3471 749 3543 avaritiae
770 3493 896 3546 servus
922 3497 1018 3562 esse,
1040 3487 1075 3549 et
1095 3476 1219 3548 alienis
1244 3481 1299 3551 al·

210 3589 357 3659 lectibus
379 3587 539 3681 obsequi,
561 3592 621 3680 qui
643 3592 712 3662 tuis
733 3592 905 3688 imperas‘.l
925 3598 1000 3671 Non
1025 3599 1060 3670 id
1083 3597 1132 3669 tui
1152 3609 1190 3669 ut
1209 3613 1299 3694 puto

208 3719 316 3793 certe,
346 3732 457 3802 neque
482 3710 617 3782 consilii
643 3714 710 3785 mei
731 3725 797 3786 est.
824 3715 879 3788 Ad
899 3719 1028 3789 maiora
1049 3714 1162 3788 olfioia
1189 3729 1297 3794 natus

208 3849 265 3910 eS‚
287 3852 393 3921 quam
422 3840 458 3902 ut
478 3833 717 3926 cuiuscunque
743 3836 793 3908 sis
814 3849 980 3930 quaestor.
1003 3836 1238 3930 Simplicitatis
1259 3854 1298 3915 et

209 3948 542 4025 libertatis-veniam
568 3965 659 4049 peto.
687 3959 782 4029 Tunc
809 3960 892 4030 mihi
918 3979 1026 4029 verus
1052 3960 1122 4032 eris
1147 3959 1296 4053 Episco-

209 4091 285 4165 pus,
309 4093 414 4144 verus
436 4087 564 4168 pastor,
584 4101 663 4154 oum
683 4091 840 4175 quaestor
860 4099 941 4153 esse
960 4076 1120 4155 desieris.
1140 4081 1218 4154 Non
1237 4094 1296 4156 est
