2670 4688
523 322 677 373 antsrocs
697 324 758 373 tur.
1116 310 1177 373 tlt

99 470 180 541 milri
195 468 337 541 modum
356 466 475 548 statui,
496 477 532 537 et
552 463 640 535 fines
658 464 772 557 posui,
787 484 878 556 quos
900 485 943 535 ne
964 467 1177 538 transcelsi-

99 593 242 663 ticulosa
263 589 453 683 cupiditas,
480 590 608 660 vallum
631 609 671 659 ac
687 590 823 658 foveam
843 584 1078 672 circumduxi,
1096 608 1176 660 coe-

99 715 202 806 glque
235 713 390 784 animum
422 719 524 782 stare.
550 711 648 781 Neve
679 710 775 781 illum
806 709 1004 780 testlnonio
1025 699 1178 802 suopri-

98 856 177 905 vem
184 853 312 925 ,neque
326 841 532 905 renuentem
546 831 637 901 iusta
652 831 811 924 imperia,
824 839 1175 945 newrecusantem

99 957 235 1036 l,raenos
252 973 365 1045 neque
378 951 614 1024 suadentem
610 952 733 1033 crocia,
750 973 778 1022 st
771 948 996 1045 obstrepere
1010 952 1176 1046 pestilens

99 1074 315 1147 consuetudo
332 1075 485 1156 desierit,
508 1073 735 1149 rebellantem
757 1074 884 1168 patior:
913 1075 963 1144 sic
984 1087 1174 1147 sementem

98 1200 158 1290 qui
178 1198 274 1268 dedit
290 1196 444 1279 adiuvet,
470 1207 508 1267 ut
530 1196 611 1266 mihi
633 1198 813 1287 frugalitas
831 1206 931 1287 grata
948 1206 1020 1280 est,
1039 1207 1078 1266 nt
1097 1196 1196 1267 laeta'

99 1331 134 1390 ct
154 1320 262 1390 otiosa
284 1328 479 1410 paupertas
497 1318 640 1390 amicior
660 1340 764 1410 quam
789 1320 905 1389 tristes
924 1330 1175 1411 occupataque

96 1441 238 1512 divitiae
260 1441 399 1532 Siquid
421 1459 524 1512 secus
545 1460 586 1510 ac
602 1441 723 1533 loquor
735 1439 831 1523 lacto
846 1440 1042 1533 praerapido
1057 1462 1176 1510 rerum

99 1565 328 1639 humanarum
345 1572 500 1633 torrente
511 1571 687 1654 raptatus,
708 1560 897 1652 indignans
909 1569 1024 1631 tumen
1039 1561 1128 1630 facio
1141 1572 1178 1631 et

98 1685 133 1754 in
153 1684 333 1756 diversum
346 1683 472 1754 nitens.
487 1683 713 1754 Mittoaulem
735 1680 823 1753 haec:
845 1683 897 1754 sic
916 1683 1007 1753 enirn
1031 1682 1173 1774 glorior,

100 1806 149 1877 sic
169 1826 321 1898 quaeror,
348 1805 399 1876 sic
418 1805 534 1875 omnia
565 1814 681 1875 tecum
703 1807 825 1897 loquor
847 1813 884 1875 ut
903 1822 1049 1874 mecum.
1082 1804 1176 1875 ldem

99 1929 249 2010 animus,
266 1926 386 2009 eadem
405 1927 515 2021 patria
531 1935 600 2011 est,
617 1925 707 1998 idcm
724 1925 895 2009 stuth'nm,
917 1925 1008 1997 idem
1030 1944 1175 2009 noman,

96 2071 160 2142 par
180 2051 341 2120 voluutas
362 2050 583 2142 affectusque
607 2047 814 2141 persimiles.
845 2049 897 2119 Tu
916 2048 1045 2140 pietate
1064 2046 1172 2141 prior,

99 2183 136 2244 tu
158 2169 324 2263 religione
343 2173 577 2263 prestantior,
594 2180 631 2242 et
651 2169 851 2242 familiarior
870 2168 959 2241 Deo:
975 2167 1039 2240 sed
1050 2179 1087 2240 et
1100 2170 1177 2240 haec

98 2294 194 2365 sileo.
215 2295 346 2364 Verum
366 2306 403 2367 ut
423 2295 599 2385 intelligar
619 2292 713 2385 quod
732 2295 868 2364 mallem
898 2291 1034 2365 clariori
1060 2293 1176 2385 aliquo

98 2415 188 2484 scire
209 2434 333 2506 posses
354 2413 497 2496 indicio,
519 2422 650 2505 quanto
671 2415 781 2505 pluris
801 2435 868 2505 ego
901 2416 1022 2486 faciam
1053 2434 1175 2504 preces

100 2542 179 2603 tuas
198 2553 303 2624 quam
319 2540 353 2603 tu
369 2524 444 2627 ipse
457 2534 517 2626 qui
531 2553 592 2603 eas
607 2544 675 2602 tam
690 2534 892 2603 verecunde
906 2552 1124 2624 porrexeras,
1140 2543 1177 2603 ut
1216 2552 1222 2562 ’

98 2654 186 2724 inter
206 2653 416 2747 poscendum
437 2673 575 2725 omnem
598 2654 682 2724 milri
704 2655 854 2746 negandi
875 2657 968 2725 viam
990 2655 1177 2726 ostendere

57 2830 60 2847 .
98 2775 277 2858 videreris,
293 2773 487 2868 scitoqnod
499 2775 565 2846 etsi
579 2796 643 2870 pro
662 2775 716 2846 his
735 2796 846 2860 amor,
864 2794 928 2869 pro
947 2774 1002 2845 his
1021 2775 1175 2865 sanguis,

99 2920 160 2993 pro
197 2897 251 2967 his
287 2899 479 2999 miseratio,
512 2919 574 2991 pro
605 2895 816 2990 qrrlbusdam
851 2897 1065 2968 familiaritas
1104 2914 1177 2966 me-

98 3021 272 3114 ritumque
291 3029 481 3105 certarent,
514 3021 626 3113 prima
653 3031 767 3091 tamen
789 3019 942 3093 clunium
976 3019 1097 3112 petitio
1119 3028 1176 3089 tua

99 3144 176 3227 luit,
198 3165 303 3236 quarn
324 3144 392 3214 tuis
415 3143 577 3235 scriptam
600 3152 638 3212 ut
658 3142 782 3213 misisti
796 3124 1176 3233 Legatiquesipnatdm

99 3263 216 3354 digitis
237 3265 384 3356 accipies
400 3264 480 3335 lruic
496 3264 654 3357 epistolae
673 3264 906 3335 interclusam
925 3248 1177 3336 Litlcduslrinc

99 3385 183 3468 lieri,
198 3407 266 3456 non
281 3386 363 3458 illud
378 3386 482 3458 modo
494 3387 589 3478 quod
603 3386 806 3480 proquibus
819 3385 1098 3507 exeuntioolpns
1099 3385 1173 3479 (atel

99 3509 146 3579 uti
164 3512 274 3580 velles
286 3530 380 3580 eram
396 3510 542 3592 nescius
559 3511 622 3582 sed
635 3519 807 3580 extremae
821 3478 1176 3621 temporisfflae

97 3643 294 3704 vetuerunt.
317 3633 482 3704 Petilione
507 3633 601 3703 enim
628 3633 716 3702 milri
738 3651 818 3705 saro
840 3630 975 3731 trfflita,
997 3610 1175 3715 ilssrmc

98 3754 269 3826 discessit.
293 3755 342 3825 lta
364 3766 479 3824 tamen
501 3776 559 3827 rcs
578 3765 655 3825 acta
668 3765 724 3826 est
740 3763 778 3825 ut
798 3740 1060 3825 amarissimus
1077 3763 1177 3846 pater

100 3874 331 3963 Egitavieusis
352 3874 546 3966 Episcopus
562 3876 789 3946 cancellarius
810 3896 910 3957 suus,
931 3875 1064 3946 litteras
1078 3875 1174 3970 ipsas

98 3997 254 4086 expediri
284 3996 430 4081 iubebit,
466 3995 524 4067 ubi
551 4007 588 4068 tu
614 4018 694 4067 eum
726 3999 780 4068 vel
806 4019 869 4090 pro
890 4008 988 4093 parte
1004 4020 1094 4083 mea,
1116 4001 1173 4071 vel

97 4126 216 4190 nostra
235 4120 321 4190 alter
350 4118 483 4192 adierit.
517 4120 585 4192 lbis
615 4141 701 4214 ergo
734 4121 792 4192 vol
820 4120 935 4194 mittes
957 4120 1106 4214 aliquem
1124 4144 1171 4194 ex
