2670 4688
282 294 375 344 tisun
397 292 924 342 luccslltuslllusws.-Eelsroct
945 293 998 340 llll.
1119 277 1179 340 215

98 425 227 508 incidit,
252 443 288 498 et
317 426 393 496 haec
421 425 516 516 quod
537 424 632 516 cupit
657 424 788 495 abiicit:
819 448 941 518 nempe
971 427 1060 499 sicut
1085 447 1177 498 aeru-

98 571 212 619 mnam
233 568 361 639 cupere
382 547 518 641 animus
546 568 613 618 non
628 557 758 640 potest,
786 570 897 643 neque
911 549 941 618 si
964 560 1087 640 posset
1101 549 1176 620 sani

98 671 203 744 animi
221 679 340 741 votum
360 678 467 750 osset,
491 667 648 751 siccius,
673 669 701 737 si
719 690 776 738 res
794 680 929 762 poscat,
950 673 1175 742 tollerantiam

96 804 132 866 et
151 805 273 887 optare
294 792 497 887 prudentiae,
516 803 550 862 el
568 792 732 883 consequi
746 814 828 886 pars
843 801 899 863 est
912 814 981 863 una
993 792 1174 864 felicitatis.

97 917 204 988 Esset
219 914 360 1008 quidem
382 915 483 1007 plena
504 913 649 985 felicitas
670 915 715 983 nil
734 913 899 985 miserum
917 914 1001 1009 pali,
1017 913 1065 984 nil
1077 936 1178 1006 aspe-

99 1062 192 1123 rum,
217 1038 262 1107 nil
282 1036 485 1116 adversum,
507 1035 706 1107 affluentem
719 1048 887 1129 perpetuo
907 1037 996 1107 laetis
1016 1036 1177 1108 omnibus

100 1179 342 1248 securumque.
370 1156 471 1239 Quod
496 1179 574 1228 cum
602 1160 735 1249 sperari
760 1158 795 1229 in
821 1158 887 1229 hoc
918 1158 1121 1230 calamitoso
1143 1171 1179 1229 et

100 1278 204 1350 flebili
232 1300 300 1350 non
326 1279 437 1371 possit
456 1279 579 1363 exilio,
601 1280 801 1372 proximum
822 1293 876 1352 est
901 1279 1070 1373 quidquid
1090 1281 1180 1351 acci·

99 1401 191 1473 derit
215 1403 293 1472 lorti
318 1403 434 1472 animo
458 1404 628 1495 perferre,
656 1412 692 1473 et
715 1404 864 1475 fortunae
889 1402 979 1473 ictus
1004 1402 1180 1497 patientiae

98 1525 221 1618 clypeo
242 1525 454 1616 propulsare.
477 1525 559 1595 Haec
579 1524 732 1595 volventi
759 1526 843 1595 mihi
863 1535 1031 1617 quantum
1052 1545 1180 1596 moero·

100 1646 149 1715 ris
166 1645 338 1736 aegritudo
359 1645 408 1717 tui
429 1647 601 1739 corporis,
625 1656 757 1718 tantum
778 1658 813 1718 el
834 1650 911 1741 plus
932 1647 1048 1739 gaudii
1066 1650 1180 1720 attulit

103 1767 322 1860 aequabilitas
339 1789 380 1839 ac
393 1767 525 1839 sanitas
539 1769 710 1861 vigorque
723 1770 845 1851 animi3
858 1773 936 1862 plus
956 1770 1095 1841 enimin
1115 1769 1181 1842 hoo

102 1891 184 1961 boni
204 1903 259 1963 est
278 1915 384 1984 quam
407 1893 440 1961 in
462 1892 519 1964 illa
541 1895 629 1964 mali.
652 1892 742 1975 Quin
763 1892 890 1988 potius,
913 1894 942 1961 si
964 1894 1073 1964 stoice
1087 1892 1181 1984 loqui

107 2015 224 2098 velim,
240 2016 383 2085 multum
402 2015 437 2087 in
459 2016 524 2086 hoo
544 2013 634 2096 boni,
651 2016 687 2085 in
709 2015 764 2085 illa
778 2026 893 2086 autem
908 2017 989 2085 mali
1002 2014 1095 2096 nillil,
1110 2013 1177 2083 etsi

101 2139 236 2207 molesti
258 2136 399 2228 aliquid.
420 2139 489 2210 Sed
506 2139 605 2211 facile
622 2148 678 2209 esl
696 2160 819 2210 sanum
834 2149 869 2208 et
884 2137 973 2208 bene
996 2135 1180 2208 habentem

101 2256 145 2326 de
165 2256 373 2348 aegritudine
396 2280 436 2328 ac
452 2259 571 2329 dolore
591 2258 839 2353 philosophari;
853 2258 954 2328 malis
970 2278 1049 2328 sese
1063 2265 1179 2328 autem

102 2380 219 2460 solari,
235 2389 302 2449 eta
321 2400 429 2449 sensu
448 2381 577 2472 proprii
597 2381 726 2452 doloris
748 2391 908 2451 avertere
929 2381 1105 2471 aliquanto
1116 2378 1181 2449 dii-

102 2499 237 2570 [icilius.
251 2500 327 2569 Non
340 2500 375 2568 in
388 2499 482 2569 omni
496 2499 641 2589 grabato
653 2500 861 2571 Posidonius
874 2501 981 2571 iacet:
1002 2500 1047 2570 ad
1077 2523 1180 2591 quem

101 2621 256 2713 graviter
274 2631 506 2711 aegrolantem
526 2642 676 2711 magnus
693 2622 888 2712 Pompeius,
912 2632 994 2691 tunc
1015 2632 1050 2691 el
1064 2623 1182 2691 Romae

103 2743 278 2816 verendus
292 2753 327 2814 et
340 2740 501 2813 terribilis
524 2752 693 2813 terrarum
713 2741 805 2827 orbi,
824 2740 959 2813 visendi
979 2742 1090 2833 gratia
1104 2764 1182 2813 cum

101 2866 270 2948 venisset,
291 2887 333 2935 ao
353 2863 528 2955 superbus
549 2864 693 2955 regibus
719 2885 758 2936 se
785 2864 992 2959 philosopho
1013 2863 1183 2959 praebuis-

103 2999 170 3071 set,
193 2989 250 3058 ille
270 3009 373 3078 quam
396 2997 531 3081 poterat
553 2996 647 3058 tanto
664 2988 740 3059 viro
760 2989 873 3058 vicem
892 2996 930 3058 ut
947 2985 1109 3058 redderet
1123 2985 1184 3055 ho-

103 3108 214 3192 noris,
237 3110 325 3181 inter
352 3110 485 3181 medios
511 3111 686 3182 cruciatus
712 3122 817 3203 atque
842 3111 983 3181 aculeos
1007 3108 1181 3188 dolorum,

103 3226 264 3297 audiente
283 3241 319 3299 et
339 3230 486 3300 mirante
507 3230 682 3323 Pompeio,
705 3230 749 3301 de
771 3230 835 3299 hac
853 3229 929 3323 ipsa
950 3225 1183 3298 famosissima

104 3346 274 3418 sententia
293 3348 500 3442 disputavit:
521 3351 568 3420 nil
592 3350 723 3422 bonum
744 3351 812 3421 nisi
834 3351 1013 3430 virtutem,
1037 3346 1083 3416 nil
1110 3365 1185 3414 ma·

103 3472 174 3540 lum
194 3489 274 3538 esse
295 3469 362 3538 nisi
387 3471 529 3542 vitium:
556 3471 711 3564 dumque
737 3473 934 3563 loquentem
956 3470 1057 3540 dclor
1077 3466 1185 3536 inter·

103 3595 261 3686 pelleret,
284 3592 470 3664 identidem
492 3593 593 3665 adse
615 3617 741 3666 versus
763 3594 888 3676 aiebat,
911 3605 949 3664 ut
969 3592 1091 3663 Cicero
1113 3609 1187 3659 me·

104 3723 215 3804 minil,
236 3722 265 3792 si
283 3731 400 3790 tamen
418 3732 456 3789 ul
476 3740 615 3790 sensum
632 3719 682 3790 sio
699 3733 733 3791 et
749 3719 859 3790 verba
874 3730 987 3788 teneo:
1003 3714 1100 3784 Nitit
1115 3712 1187 3805 opis

103 3842 215 3914 dolor:
236 3845 385 3936 quonlois
397 3844 486 3911 enim
505 3844 549 3911 sis
567 3845 726 3923 molestas,
746 3862 917 3929 conquam
932 3850 1039 3907 lecese
1053 3837 1186 3928 conlite-

106 3967 161 4036 bor
178 3972 311 4038 motum.
333 3966 444 4038 Vidon
465 3964 524 4036 ubi
546 3963 616 4033 vim
638 3962 820 4034 sententiae
838 3960 1054 4055 reponebat?
1070 3958 1189 4031 Indis-

106 4091 251 4167 ferentia
276 4091 357 4164 mali
384 4090 516 4163 scilicet
532 4097 568 4160 ct
588 4085 742 4159 molesti:
766 4084 857 4156 sicut
875 4076 952 4157 vioe
975 4103 1077 4157 versa
1097 4082 1187 4153 inter
