2670 4688
263 291 356 341 crena
378 286 884 341 mammertinus-narsaeus
904 287 958 336 ιιι.
1107 274 1148 337 aa

78 431 132 499 ris
159 428 392 499 remotissima
412 425 588 508 videatur,
615 421 709 497 baud
737 423 843 496 dubie
872 426 970 497 iuxta
1002 436 1066 497 est.
1093 425 1147 497 Ad

78 552 167 622 hanc
184 553 274 622 imus
293 571 421 643 magno
438 550 582 642 impetu,
597 570 699 619 omne
715 557 926 620 momentum
946 571 1009 620 nos
1029 549 1147 643 impel-

78 674 115 744 lit
135 684 170 745 et
190 674 317 745 invitos
334 695 381 745 ex
398 673 463 744 hoc
481 673 604 764 pelago
622 673 655 742 in
673 681 811 765 portum
824 672 932 744 trudit
945 673 1012 743 viae
1029 695 1147 744 aman-

78 805 146 881 tes,
169 807 364 868 metuentes
385 794 537 879 termini,
558 804 792 890 praeposteros
817 795 982 867 viatores.
1003 797 1147 868 Frustra

78 920 368 1011 tergiversamur,
390 917 440 990 ire
462 929 611 1012 oportet,
633 918 737 990 i'mmo
757 941 842 990 vero
863 918 1057 1011 pervenire.
1080 921 1148 991 lter

77 1065 97 1113 a
131 1053 229 1134 tergo
249 1055 314 1128 est,
346 1040 425 1113 finis
450 1053 531 1114 ante
556 1045 685 1114 oculos.
708 1041 799 1126 Quid
819 1041 939 1135 faciam
965 1064 1064 1134 ergo,
1087 1063 1149 1114 seu

76 1166 171 1257 quod
192 1165 286 1237 istud
306 1166 471 1238 laxandae
490 1166 574 1235 vitae
594 1166 809 1258 propositum
830 1170 909 1238 est?
928 1165 1048 1237 Dicam
1074 1166 1147 1238 tibi.

77 1289 114 1358 ln
148 1287 281 1380 primis,
312 1290 422 1359 lateor
456 1288 731 1380 componendum
757 1289 910 1359 animum
939 1287 984 1360 ad
1015 1310 1146 1361 morem

77 1409 167 1482 finis.
188 1411 273 1483 Nam
295 1410 393 1503 quid,
414 1431 551 1504 quaeso,
575 1422 643 1481 tam
665 1410 805 1482 salubre
825 1432 929 1505 qnam
951 1411 1089 1483 discere
1111 1422 1149 1482 ut

76 1534 222 1606 libenter
241 1533 358 1618 lacias,
381 1535 475 1626 quod
496 1537 611 1605 facere
630 1536 688 1605 vel
707 1543 865 1606 coactum
885 1538 1064 1628 oporteat?
1083 1532 1147 1607 Ubi

77 1658 234 1731 didicerit
257 1657 395 1730 animus
420 1657 535 1729 inania
561 1679 629 1728 non
656 1658 792 1744 timere,
819 1680 937 1730 amare
961 1660 1146 1744 naturalia,

76 1779 285 1852 inevitabilia
311 1778 415 1851 etiarn
448 1788 583 1871 optare,
618 1788 691 1849 tum
724 1800 870 1851 securus
900 1793 1004 1874 atque
1033 1784 1147 1853 alacer

76 1885 287 1996 expectabit,
320 1899 413 1994 quod
446 1912 515 1972 tam
548 1912 688 1986 moeste,
710 1910 779 1972 tam
802 1903 935 1995 trepide
956 1902 1147 1974 humanum

77 2045 190 2114 genus
214 2035 387 2117 expectat.
410 2023 448 2095 ld
468 2045 535 2116 ego
555 2024 638 2096 nulli
659 2026 798 2119 penitus
817 2046 922 2120 posse
947 2028 1148 2117 contingere

78 2146 243 2233 arbitror,
266 2147 331 2218 nisi
349 2147 408 2240 qui
429 2149 601 2242 peregerit
622 2169 724 2220 omne
744 2149 779 2220 id
799 2149 1055 2244 propterquod
1075 2172 1149 2222 ma-

76 2270 171 2340 xime
191 2271 312 2341 vivere
331 2269 529 2361 exoptabat.
548 2272 677 2342 Rarum
698 2291 821 2361 genus,
841 2272 1022 2364 soliusque
1037 2271 1149 2343 virtu-

78 2392 123 2463 tis
142 2391 257 2463 studio
274 2391 446 2474 deditum,
464 2393 530 2463 hoc
550 2403 605 2464 est
624 2393 716 2462 enim
737 2392 821 2463 illud
838 2397 949 2462 virere
965 2397 1034 2464 vito
1047 2416 1147 2487 pero-

78 2523 146 2592 cto,
167 2511 266 2579 cuius
283 2511 412 2580 mentio
432 2511 524 2603 apud
545 2511 711 2581 Senecam
730 2521 799 2594 est,
817 2535 887 2605 quo
904 2514 987 2583 virae
1007 2536 1145 2604 genere,

81 2639 118 2700 ut
137 2630 274 2721 opinor,
295 2628 380 2698 nibil
401 2641 456 2699 est
475 2631 627 2714 dulcius,
649 2631 788 2722 quaudo
810 2632 891 2702 nibil
914 2643 1041 2718 terret,
1062 2635 1146 2706 nihil

80 2751 240 2838 solicitat,
274 2751 357 2823 nibil
378 2752 490 2844 angit,
513 2752 596 2824 nihil
617 2763 837 2846 expectatur,
860 2755 925 2826 nisi
946 2756 1040 2848 quod
1060 2757 1147 2828 adeo

77 2884 264 2945 venturum
283 2894 364 2945 esse
384 2868 518 2946 certum
538 2885 605 2960 est,
628 2885 666 2947 ut
685 2876 779 2946 nullo
798 2876 898 2949 obice
919 2877 1030 2970 possit
1050 2901 1147 2951 arce-

77 2999 123 3069 ri:
144 2999 285 3092 quando
298 3018 456 3091 praesens
469 2996 610 3084 bonum,
630 2998 821 3072 recordatio
832 3001 1008 3095 praeteriti,
1023 3013 1149 3073 ventu-

76 3123 175 3214 rique
195 3143 277 3215 spes
296 3125 531 3194 accumulant.»
547 3121 602 3193 Ad
618 3121 710 3194 hunc
732 3119 837 3194 finem
854 3146 923 3194 non
940 3123 1148 3217 perueniunt

76 3245 136 3338 qui
168 3258 247 3337 post
278 3248 574 3339 concupiscentias
607 3268 692 3319 suas
723 3258 823 3329 eunt;
856 3269 1034 3339 nunquam
1054 3247 1144 3317 enim

76 3375 248 3463 peragunt
267 3367 327 3458 qui
347 3389 486 3462 semper
506 3367 688 3461 incipiunt,
711 3392 888 3462 nunquam
914 3370 1074 3463 impletur
1095 3373 1146 3440 lu·

77 3493 137 3561 tile
157 3501 217 3561 aut
237 3501 415 3582 pertusum
437 3514 516 3574 vaS,
538 3493 654 3563 nullus
671 3492 805 3564 infinito
823 3491 901 3563 finis
918 3503 986 3575 est;
1008 3513 1147 3584 semper

77 3627 192 3685 autem
215 3634 350 3697 recens,
373 3634 512 3707 semper
536 3616 719 3709 incipiens,
744 3637 882 3707 semper
906 3635 997 3704 vaga
1017 3624 1052 3684 et
1072 3614 1146 3683 inii-

76 3735 148 3804 nita
172 3735 343 3827 cupiditas
364 3745 429 3806 est.
451 3735 516 3818 Qui
536 3736 625 3808 hanc
647 3737 751 3828 igitur
771 3746 949 3808 sectantur
974 3734 1144 3807 infinitum

77 3856 142 3926 iter
161 3859 341 3950 arripiunt,
364 3871 467 3951 atque
490 3857 567 3930 ideo
584 3881 648 3930 nec
664 3860 864 3951 quiescunt,
884 3881 947 3930 nec
963 3861 1144 3952 quiescere

76 3982 215 4073 quidem
237 3994 398 4077 possunt,
421 3985 500 4077 quia
533 3984 607 4055 dux
633 4005 753 4055 eorum
773 3985 1049 4077 eoncupiscentia
1075 4009 1142 4055 non

76 4104 234 4195 quiescit.
257 4109 386 4179 llorum
408 4106 477 4179 vita
498 4128 566 4178 non
588 4104 705 4177 finitur
726 4106 789 4179 scd
807 4106 1032 4201 abrumpitur,
1055 4110 1144 4178 inler
