2670 4688
274 304 365 354 ulnus
388 303 552 353 trossulus
574 304 961 355 securibus-semrom
984 307 1015 355 11.
1139 293 1198 355 123
1241 302 1249 323 ¹

114 471 227 543 eaque
248 461 286 521 ut
301 451 497 522 communia
517 452 551 521 in
572 462 701 546 aperto,
720 452 807 524 etin
828 456 905 547 ipso
922 466 960 526 ul
978 457 1026 525 ila
1047 455 1198 527 dixerim

111 575 293 646 memoriae
314 572 511 644 vestibulo:
534 573 581 643 ita
603 583 641 644 ut
661 576 823 666 quotiens
844 578 901 646 vel
922 577 1043 648 audire
1064 576 1121 649 illa
1141 581 1199 649 vel

111 699 268 790 prolerre
288 695 479 786 eontigerit,
502 716 571 766 non
592 717 671 766 mea
691 717 771 767 esse
792 699 972 769 confestim
995 700 1112 784 sciam,
1133 721 1199 771 neo

111 840 168 890 me
188 822 297 902 fallat,
324 820 426 890 cuins
452 819 534 904 sint,
556 839 638 911 qnae
664 817 709 890 ab
729 818 787 889 illo
813 821 898 909 scio,
926 841 968 891 eo
994 820 1088 913 quod
1114 843 1198 894 vere

111 941 161 1012 sic
182 951 221 1012 ul
240 940 353 1009 aliena
373 938 547 1030 possideo.
567 939 652 1030 Legi
672 939 766 1032 apnd
782 939 974 1030 Virgilium,
993 941 1085 1032 apud
1102 943 1198 1012 Flan-

109 1084 204 1146 num,
228 1060 322 1154 apud
343 1061 493 1145 Livium,
516 1061 610 1155 apud
631 1062 793 1144 Tullium,
820 1082 886 1133 neo
911 1065 1019 1133 semel
1044 1064 1113 1152 legi
1134 1064 1197 1135 sed

110 1184 245 1268 millies
266 1204 330 1254 neo
346 1184 482 1254 cucurri
506 1182 570 1254 sed
588 1183 738 1267 incubui,
760 1193 797 1254 et
813 1184 895 1254 totis
915 1184 1046 1275 ingenii
1062 1184 1197 1258 viribus

111 1303 315 1376 immoratus
342 1327 431 1375 sum.
459 1306 558 1377 Mane
586 1307 723 1377 comedi
748 1305 843 1398 quod
872 1328 952 1377 sero
977 1307 1196 1398 digererem

110 1427 212 1500 hausi
232 1451 317 1521 puer
340 1429 435 1522 quod
456 1430 574 1501 senior
599 1431 823 1501 ruminarem.
851 1431 933 1501 Haeo
954 1450 993 1502 se
1015 1431 1100 1501 mibi
1126 1444 1196 1502 tam

109 1553 321 1624 familiariter
341 1554 537 1645 ingessere,
564 1562 601 1624 et
620 1575 688 1625 non
709 1552 815 1624 modo
834 1555 1014 1624 memoriae
1039 1556 1102 1627 sed
1124 1575 1196 1626 me

110 1672 215 1746 dullis
239 1676 346 1747 affixa
373 1686 468 1759 sunt,
503 1697 681 1768 unumque
712 1696 792 1747 oum
826 1674 965 1765 ingenio
983 1677 1081 1747 tanta
1114 1691 1196 1750 sunt

108 1817 201 1877 meo,
225 1804 263 1865 nt
281 1795 348 1866 etsi
369 1819 431 1889 per
456 1819 594 1869 omnem
617 1797 723 1869 vitam
746 1797 894 1890 amplius
921 1820 990 1869 non
1018 1800 1192 1889 legantur,

110 1919 187 2013 ipsa
206 1918 349 2012 quidem
370 1919 526 1991 haereant
546 1920 634 1992 actis
660 1921 694 1990 in
715 1921 834 1991 intima
855 1919 960 1990 animi
983 1931 1083 2012 parte
1103 1921 1196 1992 radi-

109 2040 221 2123 cibus,
251 2038 314 2111 sed
341 2043 514 2112 interdum
541 2040 730 2113 obliviscar
754 2047 955 2122 anctorem;
980 2041 1108 2134 quippe
1134 2041 1194 2133 qui

108 2168 213 2256 longo
247 2186 329 2250 usu,
364 2174 401 2235 et
431 2166 659 2257 possessione
691 2165 853 2237 continua
887 2163 988 2256 quasi
1017 2163 1073 2234 illa
1104 2183 1195 2255 prae-

108 2290 317 2384 scripserim,
340 2286 470 2380 diuque
492 2309 556 2379 pro
577 2288 662 2359 meis
685 2285 877 2370 habuerim,
896 2297 933 2357 et
952 2284 1054 2358 turba
1075 2284 1193 2357 talium

106 2409 293 2488 obsessus,
316 2428 381 2476 nec
400 2407 501 2477 cuius
523 2409 593 2477 sint
613 2417 725 2491 nerle,
745 2430 811 2479 neo
832 2408 943 2477 aliena
964 2406 1191 2478 meminerim.

108 2530 180 2597 Hoc
199 2535 256 2595 est
274 2547 359 2614 ergo
379 2528 473 2616 quod
494 2528 653 2598 dicebam
675 2528 812 2599 notiora
833 2530 946 2618 magis
965 2529 1091 2609 tallere,
1112 2547 1193 2618 quae

109 2647 139 2715 si
172 2647 313 2739 qnando
338 2649 455 2717 forsan
485 2667 531 2716 ex
558 2668 653 2717 more
686 2649 902 2718 recursantis
929 2648 965 2716 in
991 2647 1191 2717 memoriam

108 2771 268 2854 redeunt,
292 2769 417 2841 aooidil
441 2779 480 2840 ut
504 2790 754 2861 nonnunquam
780 2780 948 2862 occupato
967 2779 1004 2840 et
1028 2769 1191 2840 inunum

105 2891 235 2983 aliquid
257 2891 484 2962 vehementer
504 2890 636 2963 intento
657 2891 785 2977 animo,
807 2913 877 2962 non
899 2901 1032 2964 tantum
1055 2903 1092 2962 nt
1112 2913 1192 2986 pro

104 3017 180 3107 pria
206 3014 266 3086 sed
292 3014 387 3107 quod
413 3012 611 3098 miraberis,
640 3025 679 3086 ut
703 3036 796 3087 nova
817 3036 856 3087 se
881 3017 1037 3088 offerant.
1063 3016 1191 3099 Quam-

104 3156 209 3228 quam
231 3136 316 3228 qnid
335 3136 410 3206 dixi
425 3136 635 3209 miraturum
657 3147 698 3223 te,
720 3138 815 3232 quod
836 3139 952 3232 potius
971 3139 1022 3209 sic
1042 3156 1123 3209 esse
1140 3136 1192 3205 fa·

107 3255 238 3339 tebere,
266 3258 473 3344 necessario,
489 3271 527 3330 ut
551 3281 718 3351 auguror,
746 3263 781 3331 in
802 3271 836 3331 te
863 3263 939 3353 ipso
965 3260 1033 3330 tale
1059 3257 1190 3350 aliquid

105 3381 298 3472 expertus?
316 3381 353 3451 ln
375 3379 430 3449 his
448 3381 590 3472 quidem
610 3381 847 3455 disoernendis
866 3404 933 3453 non
956 3400 1087 3474 parvus
1102 3372 1188 3448 'mibi

105 3503 202 3573 labor
234 3501 363 3572 oritur:
390 3514 549 3573 nostrum
575 3504 666 3574 enim
695 3514 804 3576 testor
828 3502 1023 3598 Apollinem
1051 3501 1188 3571 unicum

105 3625 248 3696 aetherei
274 3623 367 3694 lovis
388 3624 520 3710 natum,
543 3637 578 3698 et
603 3649 727 3698 verum
753 3626 934 3719 sapientiae
959 3625 1069 3694 Deum
1092 3623 1189 3694 Chri-

105 3761 210 3833 stum,
240 3771 295 3819 me
317 3769 380 3819 nec
403 3748 504 3818 ullius
529 3749 661 3841 praedae
682 3749 823 3823 avidum
862 3759 897 3819 et
930 3756 968 3818 nt
993 3734 1187 3840 patrimonii

106 3871 155 3941 sio
175 3868 303 3959 ingenii
321 3868 424 3939 alieni
446 3870 565 3960 spoliis
583 3869 770 3942 abstinere.
793 3869 827 3939 Si
847 3868 932 3961 quid
949 3869 1047 3940 aliter
1068 3869 1189 3938 inven-

27 3979 30 3987 ’
107 4000 178 4063 tum
208 3992 276 4062 erit
300 4012 340 4062 ao
366 3991 456 4074 dico,
484 3994 542 4062 vol
569 3991 671 4063 iniis
698 4014 786 4085 quos
814 4014 882 4063 non
908 3992 976 4083 legi
1003 3988 1190 4061 similitudo

106 4115 184 4184 lecit
203 4114 435 4204 ingeniorum,
459 4114 595 4206 dequo
620 4114 769 4208 epistola
789 4115 832 4188 ad
862 4126 895 4186 te
916 4115 1097 4209 superiore
1117 4110 1188 4183 dis-
