2670 4688
553 279 705 327 nrusrotl
727 281 789 327 tur.
1144 267 1199 326 lit

126 419 287 501 diximus,
310 439 351 488 ac
370 415 550 486 satellitem
574 427 792 510 reputamus,
815 419 945 488 omisso
976 418 1019 489 ad
1042 440 1200 510 praesens

127 541 183 609 illo
203 541 306 630 longo
328 558 496 630 processu
524 546 559 608 et
590 536 817 609 confictorum
851 537 1033 608 criminum
1056 562 1199 623 acervo,

127 658 184 729 ubi
207 660 314 728 multa
336 666 370 730 et
387 659 485 729 varia
507 658 542 728 in
562 668 718 729 nostrum
744 680 808 730 seu
827 658 948 730 verius
969 659 1004 728 in
1030 670 1127 731 tunm
1147 683 1205 732 ca·

127 792 188 870 put
208 779 388 851 mendacia
406 779 630 871 congessisti,
654 781 795 852 omissis
809 779 913 874 nugis
934 791 969 852 et
989 782 1206 854 tumentibus

129 901 245 972 verbis
267 902 352 987 tuiS,
373 904 438 972 boc
457 905 567 973 solnm
585 903 811 995 praesentium
827 915 947 975 tenore
969 901 1205 974 rescribimus

127 1028 197 1095 Nos
212 1027 299 1095 inira
315 1027 499 1095 terminum
513 1047 619 1117 quem
633 1024 734 1096 nobis
749 1025 793 1096 ad
807 1026 872 1096 boc
885 1024 1013 1096 diceris
1031 1024 1206 1116 praefixis-

128 1168 177 1228 se,
198 1168 241 1216 ne
263 1145 420 1217 laborare
453 1159 488 1217 te
516 1156 673 1238 oporteat
705 1146 879 1217 veniendo
910 1168 1015 1240 super
1041 1146 1208 1218 Mediola-

128 1288 245 1350 nense,
269 1269 515 1352 Placentinum,
530 1291 593 1339 seu
606 1269 794 1339 Parmense
810 1268 1027 1352 territorium,
1047 1280 1084 1340 nt
1097 1269 1209 1340 mina-

130 1389 193 1473 ris,
216 1391 250 1458 in
271 1390 355 1482 ipsis
373 1389 441 1460 tuis
462 1400 522 1460 aut
544 1399 680 1460 tuorum
708 1388 847 1472 finibus,
873 1393 956 1483 quia
978 1400 1011 1461 te
1033 1412 1101 1461 non
1120 1392 1207 1462 tanti

127 1515 272 1584 facimus
295 1513 393 1584 ulad
412 1522 534 1584 nutum
556 1524 652 1583 tuum
673 1514 902 1606 personaliter
916 1535 1129 1598 moveamur,
1145 1513 1208 1585 tibi

126 1656 190 1726 per
210 1647 452 1726 procuratores
466 1646 605 1707 nostros
619 1634 775 1720 idoneos
791 1644 829 1706 ut
843 1658 1037 1730 speramus,
1053 1635 1207 1727 legitime

127 1765 163 1826 et
176 1756 360 1848 magnifice
373 1779 617 1851 responsuros.
632 1758 745 1828 Unum
760 1757 826 1829 hoe
845 1757 1038 1850 praemissis
1053 1757 1206 1829 adnecti·

127 1900 224 1963 mus,
244 1900 288 1948 ue
310 1877 371 1948 tibi
383 1881 481 1962 forte,
497 1889 535 1950 ut
547 1879 740 1949 vanissima
754 1899 838 1972 spes
853 1881 1047 1962 stultorum,
1064 1879 1109 1950 de
1123 1900 1209 1950 con·

127 2000 269 2071 scientia
292 1999 412 2071 vesani
433 2000 555 2093 capitis
578 1999 780 2083 blandiaris3
809 2012 846 2072 et
869 2002 1035 2094 quoniam
1066 2001 1205 2073 vocaris

126 2121 328 2216 episcopua,
351 2144 430 2194 cum
451 2122 506 2192 vir
527 2125 735 2213 sanguinum
770 2123 832 2206 sis,
868 2121 1010 2214 impune
1037 2124 1153 2193 furere
1172 2133 1208 2193 et

126 2244 295 2317 insultare
316 2266 419 2338 posse
438 2244 583 2317 urbibus
599 2267 646 2317 ac
667 2245 803 2340 populis
817 2268 888 2339 qua
905 2247 1056 2341 impetus
1079 2249 1204 2331 tulerit,

126 2366 296 2439 bonorum
316 2367 415 2452 lines,
434 2379 562 2437 statum
575 2378 610 2437 et
624 2369 829 2459 patrimonia
845 2371 1011 2454 lacerare,
1029 2380 1205 2461 postremo

126 2488 257 2577 passim
278 2487 451 2580 quidquid
470 2497 525 2558 est
542 2487 676 2558 libitum
697 2488 828 2559 licitum
842 2509 981 2580 speres,
1002 2509 1065 2558 nos
1078 2491 1106 2559 si
1125 2510 1204 2560 cum

126 2609 256 2678 nelaria
277 2611 448 2679 latronum
469 2630 574 2679 mann
595 2608 639 2679 ad
661 2609 876 2701 populandos
902 2610 1206 2702 exterrendosque

128 2728 289 2821 pacificos
310 2728 396 2801 fines
414 2741 553 2801 nostros
572 2730 745 2821 attigeris,
767 2730 844 2800 site
867 2731 900 2800 in
919 2751 1045 2802 manus
1066 2743 1204 2804 nostras

125 2851 275 2923 Fortuna
289 2852 429 2923 iustitiae
444 2853 600 2924 ministra
618 2853 833 2948 perduxerit,
851 2874 916 2924 non
933 2853 1000 2924 alio
1013 2876 1121 2947 quam
1135 2876 1207 2948 quo

126 2973 271 3044 meritus
292 2995 331 3045 es
352 2976 473 3046 famosi
491 2975 634 3047 latronis
654 2997 695 3046 ac
715 2975 915 3048 incendiarii
943 2974 1112 3069 supplicio
1139 2998 1204 3068 pu-

127 3095 271 3167 nituros.
295 3098 392 3169 Vale.

266 3240 335 3295 Data
350 3242 514 3311 Mediolani,
530 3243 574 3297 die
590 3242 678 3297 VlllI.
695 3244 834 3299 Octobris.

217 3428 296 3479 Nora.
312 3456 343 3466 -
359 3431 453 3481 littera
473 3433 526 3482 bec
547 3432 651 3483 Galeatll
671 3431 830 3483 Vlcecomltis
850 3432 954 3482 nomine
975 3431 1008 3480 ad
1030 3427 1206 3492 marquardum

124 3508 274 3572 Episcopum
288 3509 471 3569 augustensem
489 3511 565 3562 mlssa
581 3513 607 3561 ln
624 3512 724 3563 dnobus
733 3511 869 3563 codicibus
879 3509 1032 3562 Florentinls
1042 3508 1203 3559 anclscum

126 3591 265 3639 t‘etrarcam
278 3595 407 3640 auctorem
418 3589 536 3641 babuisse
550 3591 651 3642 dicitur.
664 3592 741 3643 llnlta
751 3599 834 3642 tamen
850 3591 977 3643 rationum
998 3595 1126 3640 momenta
1146 3599 1208 3638 con·

125 3671 228 3720 trarinm
244 3672 363 3729 suadent,
381 3684 437 3734 qnae
452 3671 483 3720 in·
494 3672 700 3731 adnotationibus
716 3680 806 3737 quarto
823 3673 850 3722 in
867 3672 993 3723 volumine
1010 3667 1149 3732 vulgandls
1174 3666 1208 3717 le·

123 3758 178 3801 ctnr
193 3750 312 3801 inveniet.
330 3750 404 3801 lllsce
421 3752 655 3812 nonobstantibus,
676 3751 785 3802 litteram
812 3765 844 3802 ex
860 3751 908 3802 lroc
925 3751 990 3801 libro
1012 3746 1207 3812 expungendam

123 3829 190 3881 band
201 3833 332 3891 duximus,
347 3845 379 3883 ne
392 3832 524 3882 sententie
536 3841 628 3883 nostrae
639 3832 665 3882 ln
679 3845 708 3882 re
720 3832 797 3883 dubia
806 3832 881 3882 nimis
897 3831 1028 3883 confidere
1045 3830 1207 3888 videremur,

124 3923 186 3961 neve
198 3912 248 3963 ulla
260 3927 291 3966 en
305 3914 402 3978 lisque
420 3913 493 3975 vulgo
510 3914 607 3964 auctori
622 3919 710 3964 nostro
726 3913 880 3972 trlbnnntur,
898 3912 980 3964 bacln
996 3912 1096 3976 sylloge
1110 3910 1209 3960 deside·

125 3998 205 4043 retur.
