2670 4688
297 306 390 357 uresn
411 303 577 355 vrcusruus
598 302 770 354 seouuous.
783 322 817 332 -
832 300 987 351 urrsrour
1008 300 1040 350 u.
1146 287 1200 349 ttt

126 453 257 544 aliquot
267 446 412 519 verbula
429 445 587 519 crebrius
604 443 749 538 repetita
764 466 869 537 quam
887 447 1023 530 vellem,
1037 457 1074 516 et
1088 445 1208 517 neseio

126 573 211 666 quid
235 579 407 667 praeterea
439 589 531 640 nuuc
563 568 667 639 etiam
695 566 786 638 limae
819 566 987 658 indigum.
1020 568 1139 661 ltaque
1164 589 1210 638 ne

127 695 357 768 transcribere
382 690 565 763 festinares
585 690 762 773 admonui,
791 712 859 761 neu
880 691 1065 761 Francisoo
1089 699 1210 763 nostro

125 816 260 911 copiam
280 815 400 895 dares,
429 834 498 883 non
524 811 670 904 ignarus
695 810 833 884 ardoris
858 812 967 884 vestri
988 811 1023 881 in
1049 811 1210 884 omnibus

125 949 160 1011 et
177 936 374 1031 praesertim
391 934 480 1006 meis
497 934 629 1018 litteris,
643 955 738 1027 quae,
753 934 821 1005 nisi
838 954 937 1005 amor
954 932 1080 1010 iudicio
1092 932 1212 1005 obsta-

126 1068 190 1142 ret,
211 1080 276 1130 uec
295 1056 414 1149 digitis
439 1067 535 1129 certe
555 1077 620 1128 nec
644 1055 756 1128 oculis
776 1054 918 1147 quidem
944 1056 1074 1125 vestris
1094 1054 1211 1147 dignae
1271 1088 1274 1093 ·

127 1192 220 1253 suut.
242 1180 410 1252 Actutum
437 1201 491 1250 me
510 1179 606 1272 quod
624 1177 660 1248 in
681 1199 756 1248 rem
782 1185 878 1248 esset
897 1176 1018 1270 paucis
1043 1176 1140 1249 horis
1163 1198 1211 1249 ex

127 1300 309 1374 commodo
333 1300 482 1395 speravi,
505 1323 586 1373 cum
605 1319 667 1372 rus
687 1300 998 1391 commigrassem:
1019 1319 1090 1391 qno
1109 1321 1212 1392 para-

127 1423 206 1495 bam
228 1422 393 1495 Kalendis
414 1421 625 1506 Quintilibus
645 1418 833 1516 proficisci,
855 1421 920 1494 sed
945 1420 1064 1491 fefellit
1083 1420 1210 1517 opinio.

126 1547 279 1638 Liguriae
299 1546 389 1617 enim
415 1542 531 1616 crebri
556 1543 660 1615 nimis
684 1552 720 1614 et
744 1543 813 1613 iam
838 1542 1069 1615 anniversarii
1094 1552 1210 1615 motus

125 1692 182 1741 me
203 1668 295 1741 ruris
316 1666 593 1750 amantissimum
613 1676 651 1737 et
675 1686 814 1738 osorem
836 1665 974 1736 urbium
994 1666 1028 1735 iu
1050 1663 1136 1738 urbe
1160 1676 1211 1739 te·

125 1802 287 1864 nuerunt.
307 1789 507 1862 Novissime
531 1811 610 1861 cum
631 1788 786 1881 periculo
811 1795 925 1860 metus
944 1787 1055 1859 maior
1074 1787 1212 1859 videre-

126 1925 192 1997 tur,
208 1912 299 1983 circa
314 1910 489 1983 Kalendas
506 1908 676 1993 Octobris,
691 1930 772 1981 sero
784 1909 935 2003 quidem,
951 1908 1014 1981 sed
1027 1906 1212 2000 aliquando

125 2056 258 2107 moram
279 2032 449 2127 trepidam
470 2034 631 2106 vincente
651 2031 787 2116 fiducia,
808 2029 946 2105 Abduae
966 2030 1080 2103 amnis
1101 2027 1145 2102 ad
1165 2029 1212 2100 ri-

126 2180 204 2251 pam
229 2157 321 2230 veni.
354 2156 416 2229 His
449 2156 540 2228 enim
573 2154 657 2228 locis
683 2155 749 2228 boc
776 2166 933 2247 tempore
957 2153 1109 2227 solitudo
1133 2173 1212 2225 mea

75 2326 78 2331 -
125 2291 189 2351 est.
212 2279 274 2351 llic
293 2297 382 2351 vero
402 2280 472 2349 iam
498 2278 584 2349 mihi
604 2277 679 2350 dies
699 2286 845 2351 octavus
871 2278 1000 2369 agitur,
1023 2275 1082 2350 ubi
1103 2274 1213 2348 breve

125 2400 239 2473 ocium
260 2399 419 2491 perpetui
436 2400 570 2470 imbres
587 2399 762 2492 spondent
777 2412 813 2470 et
832 2409 1024 2472 autumnus
1041 2416 1209 2493 praeceps,

128 2540 192 2590 seu
210 2519 330 2587 verius
347 2538 492 2609 praeoox
509 2520 644 2589 bruma.
663 2520 755 2590 luter
772 2519 862 2591 hauc
878 2529 993 2592 tamen
1010 2520 1120 2613 ipsam
1140 2543 1213 2592 mo-

128 2640 253 2723 rulam,
277 2660 381 2731 quam
403 2638 481 2709 coeli
501 2640 608 2710 facies
629 2650 665 2711 et
689 2640 912 2733 intemperies
934 2652 1140 2732 angustant,
1166 2642 1212 2714 ad

127 2760 357 2834 revidendum
383 2782 525 2832 carmen
551 2761 636 2835 illud
660 2761 824 2854 recollegi
855 2763 1026 2849 animum,
1058 2772 1093 2836 et
1118 2764 1212 2836 sensi

126 2903 212 2956 sane
235 2882 442 2974 corrigentis
468 2883 608 2977 ingenio
635 2884 834 2958 tarditatem
866 2885 1037 2979 prodesse
1061 2887 1210 2960 lectoris.

125 3006 281 3078 Profecto
305 3006 397 3077 enim
432 3006 521 3078 siout
545 3007 641 3100 quod
671 3009 797 3101 legitur
831 3017 869 3082 ut
893 3009 1043 3083 delectet
1075 3010 1211 3105 lepidus

125 3127 312 3221 expeditus
332 3128 530 3221 intelligens
552 3132 660 3203 lector
679 3132 771 3218 lacit,
790 3133 841 3203 sic
861 3143 900 3203 ut
920 3142 1085 3227 appareat
1104 3142 1140 3203 et
1158 3133 1214 3204 vi-

127 3249 175 3321 tia
202 3249 358 3341 detegat,
385 3251 496 3323 durus
522 3251 690 3325 haesitans
716 3251 896 3344 hebesque
920 3251 1113 3344 praestabit.
1139 3253 1213 3326 Nec

127 3371 247 3442 hercle
280 3371 379 3442 aliter
404 3371 470 3443 hac
501 3371 536 3441 in
571 3395 609 3444 re
639 3394 743 3465 quam
770 3374 806 3444 in
831 3374 970 3447 caeteris
1001 3375 1136 3447 accidit.
1162 3376 1212 3447 Da

127 3515 256 3585 equum
277 3491 443 3565 vitiosum
470 3496 601 3566 sessori
622 3495 792 3569 industrio
818 3508 855 3569 et
879 3496 1057 3590 equitandi
1082 3497 1209 3591 perito,

128 3614 284 3686 latebunt
302 3614 403 3686 vitia:
421 3616 548 3688 adhibe
567 3619 797 3712 inexpertum,
817 3619 1044 3714 apparebunt.
1063 3620 1211 3693 Causam

127 3737 292 3807 iniustam
306 3746 452 3829 patrono
464 3737 607 3829 egregio
620 3740 804 3823 committe,
820 3740 1023 3810 iniustitiam
1037 3740 1211 3814 coloribus

127 3857 371 3932 obumbrabit:
406 3857 614 3931 advocatum
640 3861 763 3931 rudem
793 3860 840 3932 ad
866 3869 981 3933 rostra
1013 3862 1210 3974 producito,

128 4003 206 4053 cum
228 3981 376 4053 oratoris
397 3981 541 4054 infautia
558 4002 676 4054 causae
693 3993 850 4076 patescet
867 3983 1039 4078 iniquitas
1057 3985 1112 4056 An
1128 3985 1212 4059 obli·

129 4111 186 4175 tus
207 4124 247 4176 es
274 4113 312 4175 ut
330 4102 467 4177 Marcus
489 4104 575 4177 Cato
595 4105 775 4181 censorius
796 4104 1041 4183 Academicum
1063 4109 1213 4182 Carnea-
