2670 4688
123 291 179 350 32⁴2
587 300 748 347 ttttltltt‘lt

124 446 273 517 turbidae
295 466 351 515 res
374 446 463 526 siut,
498 445 543 514 de
563 468 632 535 quo
665 445 767 517 valde
787 457 823 516 et
854 465 963 538 supra
991 469 1107 540 quam
1130 453 1225 523 credi

123 579 243 660 posset
264 575 412 638 moestus
434 588 523 637 sum.
544 567 706 657 Nugellas
729 587 827 637 meas
848 569 1031 659 vulgares,
1051 593 1141 663 quae
1162 576 1226 643 nti-

124 709 200 758 nam
222 686 292 758 tuis
320 687 494 770 manibus,
519 688 587 767 tuis
614 688 741 771 oculis,
772 699 902 781 tuoque
931 691 1069 763 iudicio
1104 694 1223 787 dignae

123 820 252 892 essent,
276 821 339 902 per
362 811 453 880 bunc
473 811 631 881 nuntium
662 821 757 881 tuum
780 810 824 881 ad
851 823 884 882 te
911 813 1140 886 familiariter
1164 839 1223 888 ve·

124 933 258 1002 nientes
268 931 498 1002 videbis.N0n
513 933 685 1022 patienter
697 931 812 1014 modo,
823 933 886 1003 sed
901 935 992 1019 laete,
1003 938 1218 1021 nondubito,

122 1065 227 1145 atque
248 1053 361 1144 aliqua
383 1054 437 1122 vel
458 1064 617 1123 extrema
638 1050 857 1124 bibliothecae
877 1063 949 1124 tuae
971 1070 1074 1146 parte
1098 1057 1221 1149 digna·

124 1175 215 1246 bere.
240 1175 276 1245 ln
297 1174 425 1267 quibus
448 1176 555 1244 multa
581 1189 663 1246 sunt
692 1177 930 1246 excusationis
957 1180 1125 1267 egentia3
1161 1181 1219 1252 sed

122 1298 262 1389 benigni
283 1297 439 1368 censoris
466 1296 631 1367 iudicium
666 1297 841 1381 subitura,
875 1299 1017 1368 veniam
1052 1323 1126 1372 non
1161 1303 1218 1374 de-

124 1430 276 1513 sperant.
294 1423 336 1489 ln
359 1421 478 1512 primis
504 1422 661 1513 opusculi
691 1421 895 1491 varietatem
920 1421 1098 1493 instabilis
1126 1425 1218 1495 lnmr

122 1544 312 1614 amantium
333 1542 378 1612 de
399 1562 470 1634 quo
492 1542 606 1614 statim
630 1543 664 1612 in
686 1541 1005 1635 principioagitum
1026 1543 1215 1615 ruditatem

123 1664 191 1736 stili
212 1673 300 1734 aetas
316 1678 479 1744 excuset,
496 1688 575 1735 nam
592 1685 672 1757 quae
687 1666 782 1755 leges
802 1685 927 1754 magna
942 1683 990 1734 ex
1010 1679 1118 1760 parte
1138 1667 1216 1739 ado

125 1794 259 1861 lescens
282 1787 416 1878 scripsi.
445 1787 480 1855 Si
507 1787 688 1858 excusatio
714 1786 782 1856 ista
801 1806 870 1856 non
896 1786 1041 1874 sufficit,
1069 1803 1216 1862 excuset

124 1931 179 1980 me
200 1920 272 1982 tuae
292 1908 468 2004 petitionis
495 1907 683 1980 auctoritas
704 1909 758 1979 cni
781 1929 911 1999 negare
931 1907 982 1979 nil
1003 1912 1120 1983 valeo.
1144 1912 1214 1983 Non

125 2042 225 2125 potes
244 2033 369 2125 queri:
392 2030 502 2118 babes
524 2030 618 2122 quod
638 2028 788 2123 petiisti:

284 2218 327 2276 Tu
349 2215 440 2274 modo
458 2221 486 2272 te
506 2213 641 2289 iussisse,
659 2222 742 2291 pater
760 2231 899 2290 romane,
915 2225 1094 2292 memento,

366 2311 458 2386 loque
476 2311 553 2372 meis
570 2312 666 2391 culpis
683 2320 715 2374 tu
735 2314 789 2376 tibi
805 2315 842 2376 da
859 2312 991 2385 veniam,

123 2523 161 2585 ut
182 2513 230 2583 ait
256 2511 435 2585 Ausonius
469 2515 619 2607 Magnus
647 2515 692 2587 ad
729 2515 962 2587 Theodosium
998 2515 1214 2609 Angustum.

120 2632 277 2722 Plebeios
297 2636 427 2729 apices¹
452 2638 658 2730 scriptorum
688 2637 813 2709 raritas
847 2635 1027 2719 absolvat,
1045 2641 1109 2731 qui
1138 2642 1217 2712 linio

120 2755 191 2825 fere
212 2758 329 2830 studio
350 2759 436 2829 nulli
456 2773 555 2829 sunt:
578 2759 776 2831 tarditatem
806 2759 989 2830 scribentis
1023 2759 1156 2832 inertia
1183 2771 1217 2832 et

122 2874 290 2945 bellorum
313 2881 440 2968 fragor.
465 2880 529 2949 Diu
552 2880 645 2948 enim
667 2892 748 2950 ante
778 2879 950 2949 missurus
976 2879 1045 2949 boc
1066 2882 1215 2965 sueram,

122 2994 303 3077 nislmlars
320 2996 580 3068 circumtonans
608 2999 788 3069 vetuisset.
816 3003 859 3073 Et
879 3021 971 3070 nunc
991 3001 1136 3072 tandem
1156 3025 1217 3096 per

122 3117 330 3191 Pancaldum
365 3119 662 3211 simplicissimum
707 3119 885 3191 bominum
920 3120 1119 3206 mittebam,
1152 3126 1217 3196 nisi

124 3256 203 3313 tuus
221 3240 277 3310 bic
306 3240 448 3311 nuntius
480 3239 694 3312 advenisset.
720 3242 1010 3314 incorrectionem
1039 3245 1161 3335 operis
1188 3248 1218 3318 si

122 3388 192 3459 qua
218 3363 300 3445 erit,
336 3384 412 3433 mea
432 3374 583 3434 excuset
612 3365 815 3457 occupatio,
849 3388 919 3457 qua
953 3362 1127 3438 obsessus
1152 3371 1220 3442 ieci

123 3490 199 3560 baec
223 3509 284 3581 per
314 3484 400 3556 alios
435 3485 605 3564 ravidan,
632 3508 845 3578 quamquam
873 3509 941 3577 ego
968 3486 1041 3578 ipse
1069 3491 1135 3560 vix
1154 3492 1221 3564 de-

124 3632 218 3679 mum
242 3610 349 3679 semel
371 3607 496 3700 raptim
523 3607 624 3677 oculo
646 3607 842 3699 trepidante
864 3608 1094 3700 perlegerim:
1116 3611 1223 3683 deni-

124 3755 193 3820 que
215 3730 355 3803 babitus
378 3739 615 3826 paupertatem
653 3749 729 3798 mea
754 3741 901 3798 excuset
925 3728 1102 3807 absentia;
1137 3755 1222 3826 pro·

126 3856 213 3921 lento
236 3857 327 3924 enirn
344 3856 371 3924 si
387 3855 530 3926 fuissem
550 3869 720 3943 praesens,
741 3848 866 3918 fibulas
881 3851 1003 3920 saltem
1027 3863 1222 3940 argenteas

124 3970 317 4044 habuisset.
334 3978 554 4052 lllultannnc
573 3969 723 4051 domine,
743 3970 788 4039 tle
810 3979 946 4039 luorum
964 3971 1106 4042 casibus
1131 3976 1219 4047 milri

124 4109 187 4182 pro
210 4091 298 4158 virili
323 4106 420 4184 parte
444 4094 591 4166 flebilius
614 4091 715 4161 latius
733 4086 891 4164 dicenda,
911 4095 1017 4160 multa
1044 4094 1150 4162 etiam
1172 4096 1221 4167 dc
