2834 5086
615 312 768 361 nursrona
791 313 831 360 vr.
1187 299 1242 362 527

165 468 273 528 etex
301 455 484 526 commodo
510 454 584 526 fieri
612 464 738 545 potest,
761 456 852 525 inter
875 455 1058 544 angustias
1082 454 1246 526 differre?

164 580 362 649 Praesertim
383 578 465 669 quia
492 585 529 648 ut
553 575 627 647 vini
652 588 687 647 ct
719 575 801 660 olei,
838 576 888 647 sic
919 576 1084 668 temporis
1104 587 1139 648 et
1160 579 1245 650 vitae

165 703 236 772 trax
257 703 292 772 in
313 700 421 772 sunno
442 702 538 773 iacet.
561 699 615 771 Ad
636 702 729 770 iilam
748 709 798 784 te,
820 688 901 770 cunr
921 698 1104 789 superiora
1125 704 1242 792 negle-

166 823 278 907 xeris,
301 844 485 894 reservare
511 823 707 894 ridiculum.
736 822 868 893 Votum·
898 823 988 891 solet
1019 842 1100 892 esse
1132 822 1245 893 viato-

166 946 264 1017 ribus
284 956 364 1017 ante
386 956 521 1017 noctem
542 946 720 1037 hospitari.
743 945 991 1036 Accingamur,
1018 942 1182 1030 obsecro,
1209 954 1245 1015 et

166 1079 246 1161 post
270 1069 398 1139 multos
417 1067 580 1141 itinerum
606 1066 760 1152 labores,
785 1068 919 1138 illinus
944 1075 1077 1138 aeterno
1105 1066 1243 1138 tandem

166 1188 318 1283 hospitio
338 1209 587 1283 praeparemus.
607 1190 645 1260 ln
667 1190 733 1260 hoc
753 1189 868 1275 vobio,
885 1191 964 1261 iuce
984 1189 1069 1260 mihi
1089 1190 1244 1260 cariores

167 1312 306 1396 tratres,
341 1314 370 1383 si
400 1312 484 1404 quid
517 1313 563 1387 io.
579 1333 635 1383 me
659 1313 736 1406 opis
763 1296 824 1384 aut
850 1311 983 1383 consilii
1003 1323 1072 1393 ast,
1104 1310 1244 1405 siquid

167 1430 406 1504 oblectationis
426 1446 487 1519 aut
507 1434 629 1525 gratiae
648 1454 695 1505 ex
716 1455 773 1503 rne
798 1432 932 1526 sperari
958 1444 1086 1525 potest,
1111 1431 1246 1525 siquid

168 1552 316 1626 subsidii
337 1576 384 1626 cx
406 1554 463 1627 bis
488 1554 608 1637 rebus,
635 1576 725 1647 quas
755 1555 942 1648 improprie
974 1575 1072 1625 meas
1104 1555 1242 1639 dicunt,

166 1696 245 1748 curn
264 1677 533 1760 Fortuuae'sint,
555 1678 708 1771 denique
726 1678 924 1769 meipsum,
942 1674 1038 1768 quod
1056 1676 1131 1747 sine
1149 1696 1244 1747 arro

167 1800 283 1891 guntin
305 1780 621 1893 possum,'iibellos
641 1809 746 1891 atque
769 1799 924 1870 hortulos
945 1820 1043 1871 meos
1063 1800 1186 1883 offero,
1208 1810 1244 1870 et

168 1919 197 1990 si
218 1920 304 2014 quid
324 1930 379 1992 est
399 1921 503 1992 aliud.
526 1922 613 1991 Sunt
637 1930 752 1990 autem
780 1942 848 1990 non
871 1941 994 2011 pauca,
1020 1941 1169 2011 quorum
1191 1920 1244 1989 in-

165 2041 263 2134 diget
282 2045 380 2136 inops
402 2044 476 2114 baec
496 2054 531 2113 et
553 2042 708 2127 mortalis
727 2041 817 2125 vita,
839 2061 920 2134 quae
941 2039 1142 2111 nominatim
1165 2041 1243 2113 stilo

167 2162 274 2235 inseri
293 2164 398 2236 decor
419 2174 527 2243 vetat.

265 2285 517 2357 Habitationem
540 2306 654 2357 meam
683 2307 747 2377 per
767 2309 819 2355 me
851 2308 919 2355 noa
942 2284 1018 2380 (sici
1050 2283 1245 2377 approbare

166 2404 344 2475 videmini.
372 2407 485 2476 Parva
509 2418 580 2493 cst,
607 2411 733 2491 fateor,
760 2408 823 2479 sed
849 2408 1014 2488 iucunda,
1050 2407 1113 2477 sed
1151 2409 1245 2477 salu-

168 2525 279 2608 taris,
321 2524 384 2597 sed
423 2525 592 2613 salubria,
631 2538 669 2600 et
699 2540 793 2600 certe
831 2548 1022 2620 paucorum
1065 2528 1244 2597 bominum

168 2667 210 2717 ac
245 2643 336 2717 bene
381 2647 592 2719 concordum
639 2652 707 2720 late
750 2670 875 2741 capax.
917 2648 1093 2720 Habemus
1140 2649 1244 2721 aliam

166 2766 308 2839 domum
334 2768 484 2859 yicinam
511 2772 680 2854 ecciesiae,
715 2792 785 2842 non
816 2770 956 2863 quidem
983 2781 1152 2856 nostram,
1181 2772 1245 2842 sed

168 2890 469 2963 archidiaconatus
490 2895 599 2965 nostri
617 2895 805 2988 propriam.
823 2895 934 2977 litam,
954 2903 990 2963 ut
1004 2892 1159 2975 arbitror,
1174 2911 1243 2961 non

168 3010 322 3095 vidistis,
343 3035 448 3105 quarn
470 3013 598 3085 idcirco
622 3036 691 3086 non
716 3013 871 3087 inhabito
901 3016 982 3108 quia
1008 3013 1054 3084 ibi
1079 3037 1158 3085 cum
1184 3014 1245 3084 tri-

168 3131 235 3204 bus
261 3147 321 3206 aut
350 3145 501 3228 quatuor
526 3138 666 3217 famulis,
693 3139 788 3206 solus
822 3159 921 3209 suin:
956 3138 1020 3208 sod
1052 3138 1080 3206 si
1113 3148 1183 3206 tres
1209 3134 1243 3203 in

170 3276 276 3327 unum
298 3255 448 3325 Fortuna
470 3255 705 3340 coniungeret,
726 3277 792 3326 non
812 3257 923 3327 deerit
943 3256 1043 3327 nobis
1064 3256 1151 3326 urbe
1172 3278 1245 3326 rne-

168 3377 241 3457 dia‚
262 3376 366 3465 quate
385 3374 478 3465 apud
498 3373 681 3464 Virgilium
700 3374 820 3447 habuit
841 3399 904 3447 rcx
922 3378 1088 3450 Latinus:

289 3543 416 3605 Tectum
432 3551 597 3621 augustum
616 3543 721 3623 iugens
738 3553 860 3610 centurn
877 3547 1007 3611 sublima
1025 3549 1184 3613 columnis.

47 3773 51 3781 ·
170 3737 230 3807 lita
260 3758 315 3808 me
344 3733 470 3805 domus
500 3744 663 3827 expectat
686 3753 796 3807 vaona
822 3737 958 3810 interim
979 3749 1015 3810 et
1033 3738 1183 3823 deserta,
1210 3752 1246 3811 et

171 3857 216 3926 da
232 3868 351 3945 vestra
362 3856 588 3949 conqueritur
603 3855 776 3941 tarditate,
791 3880 861 3951 qua
875 3858 1003 3953 (ducat
1020 3863 1243 3956 annuntiat...

173 3974 300 4048 Paduae
324 3979 459 4050 iuvabit
487 3999 619 4050 moram
643 3980 791 4051 trabere.
813 3978 888 4052 Erit
907 3980 1008 4053 nobis
1029 3980 1109 4054 hinc
1132 3984 1245 4054 Bono-

174 4093 243 4176 nia,
275 4098 466 4172 studiorum
498 4102 633 4186 nutrix,
662 4103 696 4171 in
721 4122 791 4193 qua
822 4104 970 4194 primurn
1003 4104 1246 4178 adolescentiae
