2670 4688
323 271 415 321 trena
437 271 942 324 vtensmosennrus-smsrota
964 273 995 322 n.
1156 263 1197 328 bt

128 408 190 480 sed
216 426 330 478 caecus
362 408 450 490 sim;
482 409 712 500 nequeenim
740 408 848 481 verbo
874 422 1007 483 tantum
1040 412 1194 485 animum

127 541 220 601 tuum
247 529 347 613 mihi,
375 531 438 602 sed
462 529 528 614 his,
554 550 644 623 qnae,
667 542 705 602 ut
724 532 859 616 dicitur,
879 533 1017 605 mentiri
1034 534 1197 606 nesciunt

125 651 242 736 rebus,
265 652 397 744 pandis.
429 652 515 724 Nam
532 652 625 745 quid,
646 673 706 746 per
725 675 847 724 omnes
864 676 988 748 quaeso
1012 657 1194 741 coelicolas,

125 775 269 846 suavius
294 777 440 867 epistola
465 774 523 846 illa
545 768 619 860 tua,
646 796 716 868 qua
743 797 797 847 me
822 776 924 867 vagis
945 798 1198 872 usquequaque

123 898 337 982 distractum,
352 911 387 971 et
400 910 440 970 ut
455 900 506 970 sic
518 898 666 972 dixerim
685 918 847 991 sparsum
860 900 964 982 curis,
983 900 1027 970 ad
1041 909 1075 971 te
1090 923 1198 972 unum

124 1022 345 1114 cogitandum
371 1020 623 1115 colendumque
643 1019 847 1094 dulcissimo
871 1021 1023 1113 quodam
1044 1034 1080 1094 et
1104 1024 1197 1093 inse

124 1145 182 1215 lito
201 1145 389 1217 verborum
410 1142 552 1218 artificio
568 1144 737 1236 coegisti?
750 1143 841 1228 Quid
861 1144 1063 1229 humanius,
1085 1154 1124 1216 ut
1144 1167 1198 1218 re-

123 1267 216 1360 liqua
236 1269 356 1340 sileam
382 1287 463 1361 quae
483 1268 676 1360 promptius
701 1267 817 1338 animo
842 1265 967 1336 metior
990 1287 1095 1358 qoam
1122 1286 1197 1337 ser·

123 1410 234 1472 mone,
252 1389 337 1483 quid
355 1390 494 1482 inquam
517 1387 712 1471 humanius,
734 1385 818 1480 quid
838 1387 956 1459 mitius
976 1407 1082 1477 quam
1102 1386 1197 1478 quod
1288 1374 1291 1382 ¹

122 1511 157 1581 in
176 1512 334 1604 epistolae
350 1515 444 1585 coloe
460 1511 591 1594 dixisti,
610 1532 787 1604 nunquam
808 1507 983 1582 Francisci
1001 1508 1052 1579 tui
1069 1529 1195 1580 nomen

121 1636 288 1708 memoria
313 1636 476 1708 lobannis
509 1634 705 1707 abiturum?
731 1634 891 1725 Amplum
918 1633 1026 1703 fateor
1045 1640 1081 1701 et
1105 1651 1197 1724 prae-

120 1760 250 1830 clarum
270 1781 311 1831 ac
327 1759 468 1831 cuilibet
479 1760 634 1832 virorum
651 1757 894 1831 excellentium
916 1755 1142 1828 suffecturum
1160 1755 1195 1827 in

120 1882 286 1953 memoria
306 1892 366 1953 tua
386 1884 497 1954 locum
519 1883 649 1973 exiguo
665 1891 700 1952 et
720 1881 871 1953 obscuro
892 1898 968 1948 meo
985 1877 1116 1949 nomini
1132 1876 1197 1948 de·

120 2007 264 2096 putasti,
287 2004 346 2076 uhi
372 2005 440 2077 iam
462 2007 620 2078 securius
642 2003 822 2087 habitans,
844 2001 931 2072 nihil
950 2001 1088 2085 durum,
1110 2000 1196 2072 nibil

119 2127 329 2222 inhospitum
343 2130 378 2199 in
394 2128 613 2222 transalpinis
627 2126 830 2219 regionibus
847 2134 1022 2196 vereatur.
1038 2123 1195 2196 Profecto

119 2260 234 2322 nutem
254 2273 432 2344 nunquam
454 2248 516 2320 tibi
535 2250 571 2321 in
591 2249 745 2322 animum
766 2248 905 2319 veniret
926 2255 964 2317 ut
985 2244 1019 2316 id
1041 2243 1192 2329 dicereS,

118 2371 187 2443 nisi
205 2385 286 2444 ante
310 2375 467 2444 venisset
491 2384 529 2444 ut
555 2373 715 2444 sentires.
742 2370 829 2453 Quae
856 2367 1026 2441 sententia
1053 2377 1195 2459 quantae

121 2493 183 2562 tibi
202 2487 461 2562 mansuetudini
481 2505 690 2583 quantaeque
710 2492 797 2562 mibi
818 2491 866 2560 sit
885 2490 1006 2580 gloriae
1027 2490 1107 2580 quis
1127 2510 1194 2560 non

121 2609 237 2680 videt?
261 2610 392 2681 Natura
416 2611 577 2702 equidem
604 2621 737 2682 tantum
762 2611 877 2680 virum
903 2628 1023 2699 parvm
1050 2610 1098 2679 rei
1124 2619 1194 2679 tam

122 2733 287 2806 tenaciter
306 2735 506 2806 meminisse
526 2757 596 2807 nou
613 2733 749 2828 patitur.
772 2733 823 2803 lta
835 2738 968 2821 ergoet
982 2730 1192 2822 magnitudi-

120 2879 198 2929 nem
213 2866 307 2929 tuam
324 2856 464 2952 probas,
478 2869 514 2929 ct
531 2880 585 2929 me
601 2855 668 2929 hac
681 2868 740 2928 tua
755 2854 800 2929 de
812 2855 900 2927 meis
912 2853 1018 2927 rebus
1033 2854 1194 2948 opinione

120 2979 332 3071 magnificas.
353 2979 472 3054 Amori
493 2993 554 3054 tuo
573 2982 720 3074 gratiam
741 2977 854 3051 haheo
877 2987 1009 3074 quantu
1029 2977 1192 3050 humanis

119 3101 298 3174 affectibus
318 3103 438 3175 haberi
457 3117 583 3197 potest,
605 3105 665 3199 qui
678 3104 744 3178 hou
758 3125 853 3198 saepe
866 3102 950 3176 mihi
971 3104 1135 3198 praestitit
1156 3113 1193 3174 ut

119 3223 397 3301 doctissimorum
424 3227 603 3300 bominum
628 3227 755 3299 iudicia
779 3229 814 3299 in
840 3226 909 3297 mei
934 3225 1192 3297 existimatione

119 3347 376 3440 perstringeret.
403 3351 479 3441 Ego
503 3360 618 3422 autem
644 3361 682 3422 ut
707 3359 815 3422 totum
842 3349 902 3422 tihi
929 3371 1044 3421 meum
1071 3360 1190 3440 pectus

119 3471 281 3562 aperiam,
296 3491 387 3541 neve
403 3473 491 3543 ullas
508 3472 555 3543 ibi
572 3471 723 3545 latebras
741 3475 861 3557 celem,
880 3471 965 3545 nihil
981 3492 1052 3562 quo
1065 3471 1101 3542 id
1120 3491 1191 3542 me-

119 3616 197 3666 rcar
216 3593 251 3662 in
272 3614 329 3663 me
349 3594 432 3664 scio.
459 3594 527 3666 Sed
548 3595 594 3666 ita
615 3617 693 3667 sum
718 3595 821 3688 quasi
843 3595 995 3664 rusticus
1022 3592 1190 3683 margari-

118 3725 165 3787 tae
177 3715 302 3788 nobilis
318 3715 489 3798 inventor,
508 3717 567 3808 qui
585 3738 682 3811 spem
701 3737 800 3789 suam
818 3714 1043 3788 successibus
1061 3715 1188 3787 victam

118 3850 271 3932 stupens,
290 3860 331 3911 ae
352 3840 446 3910 lucro
466 3837 632 3910 attonitus
651 3849 892 3932 percunctatur
909 3837 1044 3922 obvios,
1061 3847 1097 3910 et
1114 3838 1187 3908 veri

118 3963 217 4055 pretii
239 3965 382 4054 ignarus
402 3985 422 4032 e
444 3960 572 4033 iudicio
592 3963 721 4053 pendet
740 3963 862 4033 alieno.
889 3962 945 4032 Sie
964 3984 1030 4053 ego
1048 3982 1187 4056 parum-

119 4108 179 4177 per
209 4097 265 4157 tua
293 4086 326 4155 in
353 4086 473 4178 primis
499 4097 534 4156 et
564 4082 748 4155 illustrium
777 4084 907 4176 aliquot
937 4084 1185 4157 aestimatorum
