2670 4688
163 286 224 346 tot
614 297 776 349 violanda

164 442 232 512 tuis
254 439 352 510 Pisas
371 452 433 511 ant
453 440 561 512 Senas
586 463 656 534 qua
683 441 739 512 ille
763 441 827 512 iter
847 451 997 512 acturus
1022 453 1101 528 est,
1125 446 1273 540 Episco

163 584 316 655 pumque
335 564 540 648 convenies,
560 575 596 633 et
618 564 700 634 viva
714 585 798 635 voce
811 563 855 634 de
868 564 1027 654 negocio
1047 567 1271 642 instructum

165 693 200 752 et
216 682 342 755 litteris
362 682 412 754 ad·
427 706 508 755 eum
524 683 619 766 meis,
633 705 808 776 quaecum
823 682 900 753 istis
914 683 1093 771 veniunl„
1110 691 1272 762 excitan-

164 804 259 876 dum.
283 804 348 876 Pro
369 805 547 939 aliprero
562 826 669 876 unum
689 826 736 875 ex
759 804 844 875 meis
866 807 972 895 sequi
994 806 1109 879 illum
1131 809 1271 881 iubebo:

165 927 279 997 nullas
292 926 384 995 enim
399 927 453 995 brs
467 926 599 996 litteras
618 924 723 995 scribi
744 925 912 1018 temporis
933 927 1027 1000 sivit
1050 929 1194 1024 inopia.
1209 933 1272 1001 lto

165 1047 221 1117 leo
240 1045 334 1138 quod
369 1045 428 1117 tibi
463 1046 591 1118 laboris
624 1045 755 1139 aliquid
774 1056 836 1117 aut
855 1049 989 1139 negotii
1011 1053 1177 1146 reliqui:
1213 1053 1271 1125 scd

166 1168 403 1241 necessarium
424 1169 498 1239 luit.

648 1289 693 1352 Nil
709 1291 774 1353 sine
787 1305 899 1369 magno

447 1385 563 1451 Labore
577 1386 638 1449 vita
652 1386 734 1450 dedit
748 1389 939 1451 mortalibus.

166 1535 298 1627 lergn,
316 1543 353 1606 et
370 1534 525 1607 laborem
551 1533 612 1607 tibi
641 1546 777 1609 certum
797 1536 1007 1627 imaginaria
1027 1542 1194 1629 condias
1211 1568 1269 1618 vo·

166 1656 306 1751 luptate.
328 1656 520 1730 Iucundum
539 1656 569 1727 si
590 1657 651 1727 tibi
672 1655 833 1742 finxeris,
866 1657 1012 1730 efficies.
1051 1664 1219 1739 AEstima
1238 1678 1268 1738 te

166 1779 243 1850 ocio
272 1799 341 1849 non
373 1778 513 1870 negotio
542 1777 643 1850 trabi.
678 1779 821 1871 Semper
841 1778 961 1862 sedes,
986 1804 1191 1879 nunquam
1212 1812 1267 1884 pa-

168 1897 271 1971 trium
292 1899 398 1970 limen
419 1898 567 1971 transiet
589 1899 623 1970 in
644 1901 711 1971 hoc
732 1922 855 1992 nempe
880 1900 1108 1993 differimus,
1130 1911 1180 1982 ad
1202 1932 1266 1981 cea

168 2027 241 2091 tera
262 2042 351 2113 pene
370 2021 517 2111 gemelli.
536 2019 581 2091 Et
600 2021 657 2092 hic
676 2043 816 2114 quoque
835 2043 953 2093 meum
973 2045 1125 2099 morem
1145 2031 1265 2111 indue,

167 2145 265 2210 tuum
276 2161 390 2211 >eruc.
405 2140 517 2211 Habet
531 2149 566 2209 et
583 2152 699 2212 motus
719 2162 819 2213 suam
840 2139 1090 2227 dulcedinem,
1114 2159 1157 2220 et
1173 2171 1267 2243 saepc

166 2260 283 2351 quiete
303 2261 436 2351 gratior
455 2262 519 2332 luit
532 2260 645 2345 labor;
668 2272 707 2333 nt
723 2264 808 2334 nibil
824 2261 933 2346 alind,
955 2265 1128 2355 quietem
1152 2271 1264 2367 ipsam

166 2379 271 2455 efficit
289 2381 486 2475 gratiorem.
508 2383 637 2478 Incipe,
660 2405 780 2477 surge,
802 2407 882 2476 age,
902 2375 1007 2456 move
1030 2400 1067 2460 te
1091 2391 1196 2477 loao;
1215 2416 1265 2467 re

166 2525 295 2577 versus
309 2507 431 2577 saltem
448 2507 571 2579 melius
586 2506 734 2579 sedebis.
757 2506 822 2589 Qui
840 2528 980 2601 semper
999 2509 1150 2587 alienas
1165 2518 1262 2601 facis,

167 2627 353 2720 aliquando
375 2650 432 2701 res
454 2637 514 2701 tua
532 2630 646 2702 tacito.
663 2630 798 2700 Fallere
820 2639 864 2712 te,
881 2636 917 2699 et
937 2627 966 2698 si
987 2633 1147 2721 possim,
1168 2640 1261 2722 nolo,

166 2751 245 2821 etsi
266 2753 379 2834 velim,
401 2773 549 2845 nequeo.
571 2749 763 2823 Artificium
784 2772 898 2821 meum
915 2749 1010 2821 vide.
1030 2753 1145 2829 Facio
1166 2761 1261 2854 quod

167 2873 405 2943 consolatores
423 2873 551 2945 solent:
572 2870 790 2963 lando'qnod
809 2879 946 2963 oportet
963 2879 1002 2943 ut
1024 2871 1193 2951 delectet
1213 2881 1263 2952 ni·

168 3002 231 3063 tor.
250 2993 420 3085 Cuperem
432 2995 601 3085 Legatum
616 2995 731 3087 ipsum
745 2992 954 3065 Florentiam
973 2993 1149 3086 invisere,
1163 3003 1261 3097 quod

167 3112 350 3209 etopta're
363 3115 458 3185 illum
476 3113 643 3187 arbitror:
664 3114 726 3187 sed
746 3125 830 3208 puto
850 3135 920 3186 non
944 3117 1091 3210 poterit,
1113 3126 1260 3217 magnis

166 3249 201 3309 et
220 3236 389 3328 gravibus
406 3235 574 3309 Ecclesiae
595 3237 743 3329 negotiis
764 3248 859 3309 recto
879 3236 1025 3308 Romam
1041 3241 1137 3314 calle
1158 3248 1261 3319 lesti-

167 3379 267 3431 nans.
285 3360 363 3452 lpse
377 3382 462 3431 vero
481 3371 649 3452 quantum
666 3357 807 3450 obliquo
824 3369 927 3450 atque
952 3357 1023 3429 udo
1040 3363 1136 3434 calle
1158 3369 1261 3440 lesti-

167 3480 485 3577 naverin'pf-lrustra
506 3493 622 3552 tamen
649 3489 686 3552 ut
711 3479 779 3553 buc
799 3490 879 3553 ante
898 3484 1154 3572 crepusculum
1179 3511 1261 3583 per·

167 3606 335 3688 venirem,
352 3603 586 3693 claudicantes
604 3603 707 3676 lineae
726 3616 762 3676 et
784 3605 880 3677 fesso
904 3602 1080 3679 simillima
1107 3608 1258 3696 viatori,

167 3728 222 3798 vel
243 3728 316 3798 sola
330 3694 576 3813 fronslfndicat
597 3725 801 3798 litterarum.
822 3726 920 3798 Vale.
