2670 4688
230 324 324 374 niusa
345 322 510 372 ricusruus
531 321 919 372 suesanus—amarent
944 324 1007 373 xur.
1055 276 1063 298 ³
1104 312 1157 373 llll

82 480 238 554 coactae,
261 467 312 539 sie
332 475 480 537 moestus
500 465 596 556 qued
619 474 792 537 tantorum
820 467 999 539 henrinum
1026 469 1071 540 de
1098 467 1163 541 hee

83 595 160 687 ipso
181 590 373 663 sententias
386 611 455 660 nen
470 587 659 660 audissem.
674 588 828 660 Paralior
839 589 932 660 euim
946 593 1054 663 multe
1065 613 1162 664 eram

83 716 219 786 discere
238 734 344 805 quam
365 711 514 782 docere:
535 732 749 802 quamquam
760 711 850 783 illins
863 709 934 782 diei
946 713 1163 805 ipsiusquod

86 837 254 930 reliquum
273 835 338 904 luit
353 832 400 904 ab
417 834 504 904 hora
526 833 583 904 illa
603 845 706 906 sexta
727 834 771 906 ad
791 855 990 927 vesperam,
1003 847 1115 908 tecum
1129 849 1166 908 et

85 981 165 1029 cum
186 956 322 1028 eisdem
343 955 520 1047 magistris
544 954 655 1028 tribus
676 958 711 1026 in
733 956 885 1028 thalamo
906 979 999 1043 meo,
1017 979 1164 1050 queves

86 1078 268 1149 urbanitas
291 1086 413 1150 vestra
437 1078 622 1162 contraxit,
650 1078 716 1150 hoc
749 1080 826 1174 ipse
858 1091 894 1151 et
923 1080 991 1151 alio
1022 1080 1164 1173 quidem

86 1202 186 1273 varie
204 1223 367 1273 sermone
383 1201 581 1272 traductum
601 1201 655 1272 sit.
674 1201 740 1271 Sed
759 1213 943 1296 postquam
962 1202 1043 1274 inde
1060 1214 1167 1296 atque

87 1346 134 1394 ex
154 1324 212 1394 illa
233 1322 331 1413 regia
350 1322 436 1392 urbe
456 1322 606 1393 discessi
624 1342 688 1415 per
705 1321 813 1413 Alpes
833 1334 869 1393 et
886 1323 1031 1414 glaciem
1052 1323 1168 1394 hieme

87 1446 242 1530 horrida,
269 1446 314 1517 de
334 1454 368 1516 te
391 1445 532 1537 tuisque
556 1444 601 1516 de
627 1443 734 1516 rebus
759 1464 854 1536 saepe
874 1467 1011 1517 mecum
1032 1444 1168 1517 fervide

86 1568 255 1660 cogitans,
272 1565 402 1637 dictavi
426 1564 485 1636 tibi
506 1587 567 1659 per
584 1564 762 1659 hospitum
781 1564 952 1636 thalamos
972 1565 1168 1641 inamoenes

87 1700 193 1783 atque
230 1690 470 1762 incommodos
506 1691 689 1784 epistolam
725 1691 864 1779 longam
903 1687 1026 1773 valde,
1060 1711 1166 1782 quam

89 1814 218 1884 idcireo
237 1834 308 1883 non
341 1813 422 1883 misi
453 1811 536 1904 quia
570 1809 682 1883 fidelis
717 1810 826 1881 nuntii
859 1812 959 1905 copia
992 1833 1061 1882 uon
1092 1813 1168 1883 luit.

89 1933 189 2007 Nune
223 1933 374 2017 tandem,
407 1933 525 2004 oblate
558 1931 624 2004 hoe
659 1931 824 2023 religioso
859 1942 896 2002 et
932 1932 1062 2023 insigni
1093 1933 1171 2005 viro

89 2058 273 2150 utriusque
293 2069 451 2129 nostrum
469 2057 727 2139 amantissime,
749 2076 827 2126 eam
849 2055 957 2146 ipsam
979 2052 1049 2125 iam
1070 2075 1173 2151 sepo·

91 2182 193 2254 sitam
213 2203 256 2253 ae
277 2183 468 2273 neglectam
491 2202 561 2251 nen
583 2181 658 2250 siue
675 2176 795 2249 laboro
811 2176 1030 2270 transcripsi,
1049 2178 1085 2249 iu
1098 2198 1171 2271 qua

90 2302 230 2396 quidem
247 2303 292 2374 de
309 2304 461 2374 Fortuna
479 2303 573 2383 nihil,
592 2301 654 2373 sed
672 2301 852 2372 decausis
873 2298 1012 2391 quibua,
1031 2310 1070 2372 ut
1083 2322 1172 2385 reor,

89 2436 126 2496 et
147 2436 304 2496 vestrum
329 2425 449 2494 Galliae
474 2436 510 2494 et
535 2435 694 2494 nestrum
720 2422 829 2493 ltaliae
854 2445 1004 2512 reguum
1037 2423 1073 2492 in
1105 2422 1173 2495 hee

93 2555 186 2615 statu
201 2553 294 2625 sunt,
310 2545 417 2612 multa
429 2543 521 2627 dixi,
536 2564 604 2613 non
624 2563 750 2632 magna
765 2564 830 2612 nee
843 2545 951 2624 culta,
966 2545 1090 2625 fateor,
1109 2544 1174 2614 sed

92 2687 200 2736 vera:
228 2663 357 2756 tibique
381 2662 441 2756 qui
466 2665 626 2755 uugellas
645 2684 745 2734 meas
765 2663 882 2755 diligis
904 2663 1047 2734 lorsitan
1067 2664 1175 2756 placi-

96 2798 183 2860 tura
205 2789 291 2860 Vale
311 2787 380 2859 mei
402 2809 550 2860 memor.

237 2927 353 2997 Patavii,
370 2927 443 2982 Vlll.
460 2928 527 2983 Idus
543 2925 725 2997 Septembris.

503 3289 682 3355 allsaell
708 3292 777 3354 xlv.
880 3337 883 3343 -

191 3448 384 3498 FlldNClSllUS
406 3449 575 3497 PETlldllCll
597 3450 701 3497 PETRO
723 3447 925 3497 pictaviensi
950 3450 978 3496 S.
999 3449 1026 3495 l'.
1049 3448 1079 3495 Ι).

266 3581 305 3635 De
324 3582 420 3636 militia
435 3589 573 3647 ueterum,
591 3589 618 3636 et
634 3583 825 3636 Romanorum
840 3581 1011 3653 pracsertim,
1096 3544 1113 3573 r

390 3671 495 3725 militiae
509 3672 551 3726 sui
566 3674 699 3743 temporis
713 3678 882 3743 comparata.

193 3872 387 3945 Admiratio
399 3871 662 3964 inexperientiae
675 3882 920 3961 argumentum
935 3882 1001 3942 est.
1012 3869 1177 3941 llliramur

96 3998 257 4071 insolita:
288 3992 525 4067 communium
553 4006 674 4084 stupor
700 3994 828 4064 nullus.
856 3995 950 4065 Pone
978 3994 1083 4085 igitur
1110 3994 1176 4063 iarn

96 4134 296 4217 stuporem:
320 4121 398 4191 trita
419 4128 502 4190 sunt
519 4128 555 4188 et
579 4115 777 4189 communia
801 4137 882 4208 quac²
913 4117 1075 4188 miraris:
1104 4137 1178 4185 mu·

221 4246 258 4287 ur.
995 4231 1018 4278 rr
