2834 5086
266 704 324 765 att
615 720 769 769 arrasum
792 720 1004 770 transmare.

268 872 405 953 turrinus
433 859 681 953 expendimus,
713 872 749 932 et
778 863 880 933 dulce
909 861 990 941 erit,
1019 859 1159 931 mutatis
1185 861 1253 930 iam
1280 880 1350 931 non

272 980 383 1049 autrum
402 979 526 1049 ultimis
544 978 607 1049 sed
625 980 773 1072 capillis,
793 983 936 1075 antiqua
954 985 1121 1064 revisere,
1145 993 1180 1053 et
1196 979 1350 1053 firmiora

270 1095 395 1169 irnliuiu
414 1100 563 1173 civitatis
586 1102 694 1185 illius,
723 1103 898 1197 simulque
931 1117 1128 1176 nostrorum
1154 1103 1349 1175 animorum

270 1220 438 1306 lrulritum,
466 1233 501 1295 ct
532 1246 579 1295 ex
613 1226 797 1297 collatione
831 1237 1040 1321 temporum,
1065 1227 1271 1319 quantulum
1295 1226 1349 1293 vi-

271 1345 385 1415 vendo
404 1347 675 1439 processerimus
692 1349 930 1441 contemplari,
946 1353 1037 1420 cur'us
1055 1361 1085 1418 ct
1103 1361 1200 1417 terrm
1216 1345 1347 1416 domino

268 1470 370 1551 arira,
393 1489 465 1537 meo
484 1489 523 1537 oe
550 1469 633 1537 aridi
658 1471 841 1563 propitium
878 1471 1010 1559 negabis
1044 1470 1130 1563 (sic).
1164 1469 1238 1539 Erit
1268 1468 1347 1541 iude

268 1587 441 1663 Placentia
474 1599 510 1661 et
543 1590 707 1663 Antonini
743 1594 791 1664 tui
822 1593 1032 1663 venerabilis
1064 1592 1201 1673 domus
1230 1590 1347 1664 ubist

266 1708 420 1781 onmium
442 1710 572 1805 hospes
594 1716 675 1785 eris.
697 1712 896 1797 Occurrent,
912 1715 1063 1808 sipaulo
1084 1717 1222 1806 longius
1242 1711 1347 1808 proli·

268 1832 350 1903 arisai
381 1834 497 1918 litent,
521 1835 602 1907 ltine
629 1838 873 1920 Mediolanum,
897 1838 989 1909 illinc
1009 1839 1133 1907 lanua:
1155 1838 1212 1907 illa
1240 1848 1348 1909 terre-

268 1956 391 2031 strlrun
415 1957 489 2029 trane
509 1959 759 2033 maritimarum
781 1960 888 2031 decus
910 1959 1064 2040 urbium,
1085 1957 1143 2031 ubi
1165 1957 1272 2029 etiam
1291 1979 1348 2029 me

267 2080 389 2151 aurinis
411 2102 478 2151 non
498 2103 620 2153 carere
642 2081 854 2173 gaudebitis,
884 2080 1140 2173 huncquoque,
1158 2103 1230 2173 qua
1254 2080 1349 2153 nulla

270 2202 453 2295 pretiosior
487 2213 543 2275 nst
576 2206 745 2297 supellex,
768 2196 1076 2297 participantes'ut
1096 2202 1239 2295 reliqua.
1260 2200 1349 2286 Quis

268 2326 359 2397 onim
390 2325 572 2398 ‹lirnidium
606 2348 737 2409 ornare,
774 2334 809 2395 et
837 2324 1018 2397 dimidium
1046 2347 1114 2397 uon
1146 2347 1263 2398 amare
1287 2345 1350 2416 pc

271 2450 376 2519 lauit?
415 2448 517 2519 llmetu
559 2450 698 2541 quidum
743 2448 904 2519 Horatius
941 2448 1122 2538 Virgilium
1166 2446 1349 2519 dimidium

269 2572 393 2639 atrritnm
415 2592 489 2639 sum
512 2583 626 2651 uorat,
650 2570 892 2661 ‹1110ddictum
916 2569 1087 2660 placuisse
1109 2569 1257 2658 legimus
1274 2567 1349 2637 Au·

270 2691 421 2777 guatino.
449 2689 515 2773 Qui
541 2711 627 2779 ergo
655 2712 760 2759 unum
782 2712 828 2759 ox
855 2690 954 2761 nobis
975 2689 1158 2771 annaverit,
1182 2698 1274 2759 amet
1298 2690 1350 2760 al-

273 2822 382 2881 torum
407 2834 550 2881 rrueessu
572 2814 647 2883 erit.
676 2812 732 2883 Sic
757 2811 889 2883 erimus
923 2810 1024 2883 bonis
1050 2807 1211 2881 omnihus
1236 2808 1348 2898 earis-

271 2935 365 3018 simi,
390 2936 487 3007 rnulis
509 2946 635 3017 uratum,
658 2956 805 3025 quorum
829 2932 983 3004 infinitus
997 2942 1053 3003 cst
1070 2932 1257 3014 exercitus,
1280 2952 1348 3002 nee

269 3055 387 3125 trustes
407 3058 548 3137 erimus,
572 3077 635 3124 nec
649 3055 747 3124 airrriei
764 3058 925 3145 profecto,
941 3074 1004 3123 nee
1017 3051 1200 3122 coniuncti.
1220 3051 1347 3122 Vultus

269 3177 446 3267 suspiciunt,
469 3177 602 3245 aniruos
642 3174 863 3264 ignorabunt,
898 3176 1093 3264 Sequemur
1126 3174 1218 3243 enim
1254 3172 1346 3245 itlius

268 3295 447 3363 eonsilium
470 3296 528 3383 qui
554 3303 670 3363 monet
691 3306 728 3363 ut
748 3295 837 3363 inter
858 3294 973 3362 omnia
994 3292 1224 3363 dissimillima
1248 3294 1345 3366 frons

269 3424 386 3485 nostru
419 3415 547 3502 pupulo
579 3415 720 3502 plarceat.
749 3411 924 3482 Putabunt
956 3413 1001 3481 illi
1029 3436 1092 3483 nos
1120 3436 1225 3505 agere
1250 3418 1346 3507 quod

268 3537 396 3621 vulgus
431 3532 524 3622 agit:
558 3552 622 3601 uos
657 3545 814 3605 nostrum
848 3531 942 3605 aliud
976 3535 1158 3625 negocium
1190 3546 1225 3608 et
1257 3541 1345 3611 lorte

270 3657 381 3726 maius
408 3656 547 3748 aliquod
567 3680 722 3749 agemus,
745 3660 916 3752 Denique,
946 3664 982 3727 ut
1008 3658 1115 3727 semel
1142 3659 1342 3750 expediam,

268 3789 329 3848 arta
354 3779 470 3848 felices
495 3780 640 3865 erimus,
676 3790 737 3850 aut
769 3802 837 3850 non
872 3782 1016 3850 multum
1047 3802 1067 3850 a
1097 3779 1255 3851 felicitate
1292 3779 1345 3849 di-

267 3910 421 3970 stantes:
440 3923 510 3991 quo
524 3902 624 3973 nobis
647 3901 838 3972 studiosius
855 3900 1076 3970 celerandum
1096 3913 1161 3971 est.
1176 3902 1238 3970 Est
1251 3898 1342 3965 enim

267 4020 368 4092 nobis
390 4023 592 4092 naturaliter
613 4021 785 4092 felicitatis
807 4020 924 4089 innata
944 4019 1132 4111 cupiditas,
1151 4035 1254 4109 quam
1276 4008 1342 4079 sci-

268 4165 345 4214 mus
368 4145 442 4214 siue
469 4145 656 4215 amicorum
685 4142 808 4215 solatio
833 4164 902 4213 non
934 4160 1042 4230 posse
1066 4141 1281 4224 contingere,
1307 4146 1344 4239 ot

265 4264 346 4333 lieet
368 4265 486 4334 veniat
505 4264 550 4335 ad
572 4284 654 4348 nOS,
677 4275 714 4333 ut
734 4265 783 4333 ait
803 4264 953 4341 Seneca,
976 4280 1023 4328 ex
1050 4260 1104 4331 his
1133 4276 1222 4347 quos
1249 4276 1342 4326 ama-

268 4408 347 4454 mus
368 4386 551 4476 gaudium,
578 4386 671 4479 quod
697 4397 768 4470 est,
796 4395 834 4455 ut
859 4384 987 4454 ibidem
1010 4379 1058 4447 ait
1080 4379 1185 4460 idem,
1214 4379 1289 4445 leve
1306 4390 1342 4450 et

267 4507 477 4578 evanidam:
512 4519 736 4603 conspectus,
764 4520 799 4579 et
826 4502 1022 4599 praesentia,
1056 4507 1092 4568 et
1124 4498 1342 4570 conversatio
