2670 4688
80 324 117 377 ῃ
551 320 703 368 arrs‘rour
728 321 766 367 u.
1142 308 1197 368 591

80 476 202 553 nsunt
234 465 372 535 omnia:
399 474 435 532 et
459 481 524 533 vos
549 460 627 532 inde
648 461 795 545 abestis,
817 473 852 532 et
873 459 1072 532 Ludovicus
1100 481 1199 533 meus

80 562 183 683 ¹'qui
204 562 299 658 solus
320 584 365 654 ibi
387 593 458 665 est,
480 585 642 675 quamvis
663 606 754 654 unus
776 585 810 653 in
836 585 952 654 animo
982 605 1059 654 meo
1085 583 1198 678 possit

80 709 253 801 somnia,
275 707 439 800 quamvis
464 708 667 778 inveteratae
688 705 950 778 consuetudinis
978 705 1030 789 vi,
1062 725 1097 776 et
1127 707 1202 800 ipse

80 880 82 887 ,
123 832 173 905 ibi
204 852 301 915 esse,
335 842 370 900 et
398 851 519 901 omnes
554 850 654 914 suos,
689 850 812 921 meque
844 837 925 899 ante
958 827 1047 897 alios
1084 848 1200 899 secum

80 1042 82 1051 Ι
123 954 257 1026 habere
288 954 418 1045 cupiat,
461 975 637 1045 nunquam
677 963 793 1022 tamen
831 949 973 1024 audebit
1008 951 1102 1021 omni
1141 971 1202 1045 spe

125 1074 298 1159 abscissa,
321 1076 398 1145 illas
419 1097 474 1145 me
495 1073 539 1145 ad
561 1087 671 1145 terras
692 1095 883 1159 arcessere,
906 1072 964 1144 nbi
981 1094 1103 1143 ornnes
1121 1072 1205 1142 alie·

127 1198 266 1288 nigenae
298 1207 334 1266 et
369 1196 542 1288 peregrini
575 1216 708 1268 sumus.
742 1197 863 1289 Neque
889 1197 981 1267 enim
1016 1195 1120 1266 ludus
1152 1210 1206 1266 est

127 1314 328 1386 hominibus
359 1316 516 1387 mortalia
536 1315 721 1386 etcaduca
743 1318 951 1408 corpuscula
973 1312 1204 1396 trahentibus

129 1436 248 1508 dicere
268 1437 362 1530 quod
383 1438 510 1509 animae
530 1438 646 1510 felices
662 1459 808 1531 corpore
829 1439 994 1509 resolutae
1014 1437 1108 1531 apud
1128 1436 1206 1506 Vir-

129 1560 249 1652 gilium
271 1562 480 1653 loquuntur:

293 1703 373 1765 Nulli
389 1709 471 1765 certa
488 1704 615 1780 domus,
631 1703 708 1767 lucis
724 1705 895 1767 habitamus
911 1703 1031 1784 opacis,

291 1801 499 1880 Riparnmque
514 1807 616 1878 toros,
634 1809 663 1864 ct
679 1809 764 1882 prata
780 1803 911 1866 recentia
929 1803 1006 1865 rivis

291 1899 463 1962 lncolimus.

133 2050 167 2120 Si
198 2050 289 2121 enirn
324 2050 391 2120 ista
424 2048 638 2135 sufficerent,
673 2063 791 2143 posset
820 2051 939 2142 utique
971 2049 1201 2121 Vallisclausa

131 2171 233 2245 nobis
262 2172 425 2244 omnibus
457 2171 596 2243 abunde
616 2173 751 2244 rivulos
771 2173 977 2246 et'lrarbosa
997 2172 1124 2245 cubilia
1145 2171 1210 2243 mi-

132 2295 294 2369 nistrare.
322 2294 391 2364 Sed
415 2294 482 2364 alia
515 2294 675 2384 quaedam
708 2296 820 2387 exigit
853 2307 986 2368 natura.
1022 2296 1086 2365 Est
1117 2293 1209 2365 enim

88 2459 90 2462 ⁴
134 2424 228 2487 certa
251 2414 306 2486 vel
327 2392 483 2508 physicae
499 2416 556 2483 vel
573 2415 718 2506 poeticae
739 2417 959 2486 necessitatis
982 2426 1083 2498 meta,
1105 2410 1210 2506 quam

134 2536 315 2630 praeterire
336 2546 537 2629 suspectum
558 2545 623 2605 est.
644 2537 718 2605 Non
739 2546 796 2607 est
817 2558 879 2629 per
900 2559 938 2608 sc
960 2536 1151 2618 sufficiens,
1175 2546 1212 2604 ut

136 2659 184 2728 ait
203 2657 426 2741 Aristoteles,
445 2666 603 2727 naturam
627 2658 798 2751 speculari
814 2684 821 2740 3
844 2657 906 2729 scd
927 2666 1063 2750 oportet
1082 2664 1117 2726 et
1136 2677 1212 2726 cor-

136 2799 204 2872 pus
224 2799 347 2849 sanum
368 2797 462 2862 esse,
480 2788 516 2848 et
531 2776 646 2848 cibum
663 2789 698 2850 et
720 2780 889 2870 reliquum
914 2778 1116 2849 famulatum
1137 2776 1213 2847 exi-

136 2914 229 2973 stere
243 2928 251 2970 ε

453 3062 553 3126 neque
570 3046 652 3110 enim
666 3054 789 3111 cantare
805 3049 861 3110 snb
879 3054 966 3110 antro

294 3142 409 3218 Pierio,
427 3148 588 3222 tyrsumve
603 3150 701 3221 potest
716 3145 892 3223 contingere
908 3161 991 3208 saeva

291 3240 471 3318 Paupertas,
488 3247 579 3319 atque
596 3242 667 3304 aeris
683 3243 784 3321 inops,
802 3258 864 3320 quo
883 3248 969 3304 nocte
986 3240 1097 3319 dicque

295 3335 412 3416 Corpus
430 3343 516 3415 eget,

138 3519 177 3579 ut
196 3505 374 3601 Satyrione
395 3509 454 3590 ait,
477 3529 605 3599 magno
626 3528 667 3578 ac
685 3516 854 3601 perpetuo
874 3507 966 3600 apud
987 3505 1109 3576 doctos
1136 3503 1214 3595 phi-

137 3628 302 3719 losophici
335 3629 528 3722 poeticique
561 3628 734 3719 dogmatis
767 3650 941 3700 consensu
976 3649 1112 3708 rernm,
1150 3623 1215 3696 sed

136 3747 325 3820 verborum
350 3750 519 3821 varietate
545 3749 733 3841 multiplici.
767 3750 873 3840 lgitur
900 3748 1138 3829 Clausavallis‚
1177 3757 1215 3819 ut

137 3881 288 3963 coeptum
311 3892 453 3963 sequar,
476 3871 520 3943 ad
541 3870 679 3964 aliquod
702 3871 808 3941 breve
828 3884 980 3965 tempus,
1002 3870 1212 3941 urbanarum

137 3989 352 4082 voluptatum
393 3991 497 4063 taedio
528 3992 677 4076 affectis,
709 4003 745 4062 nt
772 3993 870 4075 olim,
905 3992 1111 4063 diverticula
1145 4012 1213 4060 non

138 4106 311 4185 inammna
341 4114 536 4186 sufficeret:
568 4114 604 4185 in
629 4117 773 4206 longum
798 4125 892 4186 certe
914 4136 978 4186 nec
999 4115 1214 4207 promitteret
