2670 4688
502 293 655 343 urrsrouu
676 295 728 342 xv.
1100 283 1160 345 335

78 456 131 515 tur
150 463 248 526 esse,
273 443 348 536 ipse
369 442 415 509 sit
440 450 474 508 et
499 438 699 510 benefactor
722 448 757 509 et
782 441 979 521 consuitur,
1008 461 1071 511 nec
1096 443 1160 510 mi-

77 577 172 637 retur
205 564 239 635 id
276 562 341 633 sibi
375 561 442 632 dici
470 560 566 653 quod
599 560 707 631 felicis
741 560 991 631 recordationis
1019 562 1161 635 domino

76 686 242 758 Clementi
264 692 387 776 patruo
408 703 472 754 suo
493 682 579 754 dixi.
611 683 695 753 Cum
721 682 814 752 enim
850 683 906 752 sui
932 685 1063 774 gratia,
1086 687 1161 758 offi-

75 810 166 880 cium
188 807 283 899 quod
310 816 347 877 tu
372 827 464 876 nunc
490 803 661 875 industrie
694 806 803 896 geris,
840 803 923 873 mibi
957 806 1159 894 obtulisset,

75 930 180 1024 quod,
203 951 258 999 me
280 931 425 1010 notente,
450 937 530 997 tunc
552 926 673 997 babuit
700 927 868 1018 magister
888 928 1097 1000 Franciscus
1117 930 1162 1001 de

78 1052 234 1144 Neapoli,
249 1063 284 1122 et
295 1049 422 1120 deinde
440 1071 496 1119 me
513 1070 620 1142 saepe,
640 1051 719 1120 licet
735 1049 935 1139 indignum,
951 1051 1162 1144 Episcopum

76 1176 189 1244 tacere
203 1174 385 1256 vetuisset,
404 1182 439 1242 et
455 1193 521 1263 ego
535 1171 799 1262 indignantibus
812 1171 963 1243 dominis
978 1184 1013 1243 et
1026 1174 1160 1257 amicis,

76 1297 239 1368 continue
260 1315 497 1377 recusassem,
521 1295 640 1365 ultimo
661 1293 747 1364 mibi
767 1293 875 1365 dixit:
905 1297 984 1364 Pete
1003 1293 1089 1383 qnod
1113 1297 1163 1365 uis

77 1422 247 1507 etfaciam
274 1420 351 1489 tibi:
376 1417 432 1488 cui
458 1438 526 1508 ego
559 1415 741 1509 respondi;
775 1419 805 1485 si
833 1416 914 1485 bene
945 1423 1054 1508 socero
1083 1418 1166 1486 mibi

78 1545 184 1625 iratae,
203 1563 270 1608 non
283 1541 386 1609 sotum
402 1539 613 1629 beneficentio
626 1536 682 1607 sed
695 1540 818 1622 electio,
834 1542 933 1609 Potor
948 1540 1161 1620 sanctissime,

77 1660 457 1732 venenivomae
491 1661 611 1751 optime
633 1663 751 1751 quanti
781 1682 832 1728 me
864 1662 984 1749 facitis.
1022 1657 1164 1746 Quando

77 1782 201 1874 aliquid
218 1794 348 1875 petente
365 1783 447 1865 atio,
461 1783 515 1850 vel
534 1779 770 1871 quomodolibet
785 1779 830 1850 od
850 1783 1001 1850 notitiam
1019 1793 1164 1851 vestram

78 1909 180 1988 uenit,
198 1904 284 1996 quod
302 1926 353 1973 me
373 1902 511 1993 dippum
528 1902 692 1986 videatur,
714 1905 824 1972 meisi
840 1904 948 1995 ptncet
973 1905 1164 1973 memoriam

78 2028 244 2096 habetote:
264 2026 358 2118 quod
380 2027 455 2120 ipse
482 2047 522 2096 se
547 2027 719 2095 iacturum
735 2025 1021 2095 ‘clementissime
1045 2046 1165 2117 repro-

78 2149 186 2233 misit,
205 2160 240 2220 et
260 2149 412 2231 fecisset,
432 2168 500 2219 non
522 2147 660 2229 dubito,
684 2147 751 2217 nisi
768 2168 848 2219 eum
866 2168 965 2218 mors
979 2146 1112 2229 multis,
1130 2159 1166 2218 et

79 2271 167 2342 inter
193 2272 280 2342 alios
303 2273 387 2342 mihi
409 2271 594 2353 damnosa,
617 2270 859 2363 praevenisset.
891 2272 941 2339 lta
967 2292 1052 2361 ergo
1079 2268 1164 2339 mibi

78 2392 223 2483 expedit
241 2403 279 2463 ut
298 2393 462 2464 dominus
484 2403 603 2462 noster
620 2394 744 2475 iaciat,
774 2393 803 2462 si
827 2379 911 2461 mihi
932 2393 1062 2484 aliquid
1091 2395 1166 2462 vult

79 2517 203 2584 facere.
226 2515 310 2584 Nam
335 2514 362 2583 si
377 2522 583 2607 expectatur
605 2523 643 2583 ut
663 2535 730 2604 ego
752 2535 861 2582 senex
885 2535 976 2583 nunc
1011 2513 1165 2583 solicitus

81 2635 146 2704 sim
165 2634 307 2728 petitor,
335 2635 430 2726 quod
448 2634 585 2704 iuvenis
607 2656 785 2724 nunquam
808 2635 872 2712 fui,
900 2647 1013 2705 actum
1036 2645 1099 2717 est,
1119 2635 1166 2705 nit

80 2757 220 2850 penitus
240 2778 392 2848 unquam
416 2755 484 2826 fiet.
509 2758 546 2826 In
565 2753 632 2826 hoc
654 2777 739 2825 sane
755 2757 884 2826 domini
908 2756 974 2824 mei
999 2755 1167 2827 Sabinen-

81 2882 129 2950 sis
157 2880 383 2961 interventio,
413 2891 449 2950 et
480 2889 537 2950 tua
560 2877 730 2950 sedulitas
759 2879 999 2950 efficacissima
1028 2879 1108 2962 erit,
1132 2892 1168 2949 et

80 3012 239 3074 neutram
258 3003 455 3074 defuturam
480 3010 575 3073 certe
602 3023 714 3097 spero.
742 3001 839 3073 Alios
865 3003 911 3072 ibi
940 3023 1009 3073 non
1038 3001 1165 3084 babeo,

80 3146 161 3195 nam
183 3147 273 3217 quos
295 3125 401 3196 habui
427 3126 485 3195 vel
511 3125 684 3209 defuncti,
708 3127 762 3196 vei
781 3126 920 3197 alienati
942 3135 1033 3195 sunt.
1061 3125 1164 3194 Solus

80 3246 338 3337 ipsedominus
372 3247 575 3317 Sabinensis
611 3246 723 3317 tribus
760 3256 796 3317 et
831 3247 972 3337 triginta
999 3247 1100 3316 annis
1131 3248 1165 3315 in

80 3368 203 3440 eodem
231 3369 413 3460 proposito
437 3390 521 3459 erga
560 3392 615 3439 me
647 3369 792 3451 mansit,
826 3389 889 3438 neo
916 3371 985 3439 ulla
1011 3390 1165 3460 unquam

81 3490 157 3560 sive
192 3499 333 3582 propter
369 3491 613 3582 occupationes
653 3493 730 3561 eius
769 3490 1049 3572 inextimabiies‚
1090 3492 1166 3560 sive

80 3623 222 3704 propter
237 3611 410 3679 silentium
429 3633 555 3694 meum,
580 3615 656 3683 sive
672 3624 812 3707 propter
833 3613 1041 3684 abscessum
1064 3634 1166 3683 suum

79 3739 168 3805 iacta
187 3735 332 3803 mutatio
353 3741 422 3816 est,
451 3735 514 3804 nisi
537 3733 695 3805 debono
721 3757 860 3827 semper
883 3735 916 3805 iu
944 3735 1080 3805 metius.
1104 3737 1167 3805 Se-

79 3879 157 3927 cum
176 3857 220 3928 de
240 3854 292 3924 his
311 3877 397 3945 ergo
422 3854 588 3938 delibera,
612 3868 646 3926 et
668 3857 781 3950 ipsum
805 3858 850 3927 ad
875 3857 990 3928 omnia
1018 3855 1167 3929 fidenter

80 3980 231 4069 require,
255 3979 407 4049 animum
430 3965 506 4047 eius
529 3977 653 4048 ad'me
679 3978 813 4061 verbis,
843 3987 881 4047 ut
902 3991 998 4069 puto,
1025 3978 1083 4048 tibi
1109 4002 1166 4052 co

80 4099 232 4189 gnitum,
254 4103 352 4171 tactis
379 4101 482 4172 animi
521 4099 668 4171 testibus
703 4121 946 4192 recognosces.
975 4103 1050 4194 Ego
1074 4104 1165 4172 enim
