2670 4688
304 283 395 329 nanun
419 277 953 336 vrcnsrnusuuanrus.-unsronn
978 278 1038 324 nn.
1149 265 1204 325 281

533 542 710 607 urtsaota
732 545 800 607 vlu.

304 708 496 759 rnanutsctts
517 710 685 758 Parauaea
707 710 781 758 altu
802 707 886 756 Livio
908 709 933 755 S.
956 707 983 753 P.
1006 706 1035 753 D.

232 849 376 920 Ingenium
393 847 452 902 eius
466 848 580 913 exaltat,
597 846 738 916 librosque
752 844 909 914 deperditos
924 843 1099 897 lamentatur.

223 1065 395 1154 Optarem,
413 1056 441 1129 si
454 1081 500 1129 ex
515 1061 585 1128 alto
599 1058 717 1128 datum
732 1068 836 1140 esset,
854 1059 908 1125 vei
924 1077 979 1126 me
990 1056 1024 1124 in
1038 1065 1131 1124 tuam
1153 1058 1205 1124 vot

128 1199 161 1256 te
183 1185 217 1253 in
239 1193 392 1254 nostram
419 1191 557 1252 aetatem
585 1180 748 1250 incidisse
775 1187 813 1248 ut
838 1190 927 1249 aetas
953 1180 1044 1271 ipsa,
1069 1179 1122 1246 vel
1141 1198 1207 1267 ego

130 1327 192 1401 per
215 1317 247 1375 te
269 1305 408 1389 melior,
430 1315 465 1373 et
486 1303 705 1374 visitatorum
726 1323 772 1372 ex
793 1320 938 1371 numero
958 1308 1094 1369 tuorum
1116 1318 1207 1367 uuus

126 1431 251 1510 forem,
274 1429 427 1519 profecto
445 1448 514 1496 non
531 1427 675 1496 Romam
689 1424 793 1495 modo
807 1434 840 1494 te
854 1421 994 1492 videndi
1009 1419 1128 1511 gratia,
1145 1417 1206 1488 sed

125 1550 254 1620 indiam
272 1571 319 1620 ex
335 1548 454 1618 Galliis
471 1557 532 1647 aut
544 1548 709 1640 Hispania
726 1546 908 1639 petiturus.
928 1544 1027 1614 Nunc
1041 1560 1124 1613 vcro
1136 1560 1205 1632 qua

124 1670 226 1741 datur
247 1682 280 1741 to
301 1672 336 1740 in
358 1668 453 1739 libris
480 1669 547 1739 tuis
573 1670 692 1751 video,
715 1690 782 1739 uon
805 1665 967 1758 equidem
993 1676 1114 1748 totum,
1142 1661 1207 1733 sed

124 1803 296 1884 quatenus
314 1791 468 1861 nondum
487 1792 607 1861 saecuti
620 1789 730 1860 nostri
747 1788 881 1860 desidia
900 1786 1041 1880 periisti.
1061 1787 1206 1856 Centum

126 1899 357 2005 quadraginta
377 1913 467 1984 duos
490 1934 604 1983 rerum
626 1913 858 1983 Romanarum
878 1908 984 1979 libros
1005 1908 1207 1981 edidissem

124 2033 303 2105 novimus:
337 2035 405 2106 beu
438 2043 569 2127 quanto
595 2035 725 2117 studio,
755 2032 893 2125 quantis
918 2025 1112 2100 laboribus!
1138 2029 1207 2099 Vix

125 2156 264 2249 triginta
285 2179 331 2229 ex
352 2157 514 2229 omnibus
535 2167 735 2250 supersunt.
758 2156 829 2226 Oh!
850 2175 925 2225 mos
945 2152 1128 2248 pessimus
1142 2173 1206 2224 uos

125 2279 295 2371 metipsos
316 2278 360 2350 de
380 2279 551 2350 industria
564 2279 714 2350 fallendi.
730 2278 884 2369 Triginta
901 2277 976 2348 dixi
988 2277 1070 2370 quia
1082 2298 1206 2348 omnes

124 2401 231 2488 vulgo
253 2398 289 2470 id
308 2397 440 2468 dicunt.
462 2399 537 2488 Ego
557 2411 673 2469 autem
694 2399 822 2470 deesse
842 2422 952 2469 uuum
972 2401 1015 2469 iis
1044 2401 1130 2491 ipsis
1155 2400 1206 2469 in-

126 2518 245 2599 veni03
268 2539 392 2587 novem
414 2529 449 2587 et
469 2518 594 2608 viginti
612 2530 709 2589 sunt:
730 2518 830 2611 plane
852 2528 923 2588 tres
944 2520 1113 2602 decades,
1136 2520 1206 2610 pri-

125 2658 198 2724 ma,
222 2638 322 2709 tortia
341 2648 377 2708 et
393 2649 517 2730 quarta
537 2639 593 2709 cui
609 2638 776 2710 librorum
795 2660 964 2710 numerus
977 2662 1046 2710 non
1059 2652 1203 2711 constat.

126 2760 162 2829 In
186 2759 240 2831 bis
261 2770 332 2831 tam
353 2761 472 2852 parvis
495 2761 564 2832 tuis
589 2761 746 2854 reliquiis
773 2783 943 2834 exerceor
968 2763 1105 2855 quoties
1131 2764 1206 2835 baec

124 2887 212 2967 loca,
227 2883 303 2954 haec
321 2893 477 2977 tempora
488 2888 545 2956 vel
559 2885 623 2957 hos
639 2884 756 2957 mores
774 2885 933 2958 oblivisci
954 2887 1047 2969 volo,
1062 2897 1096 2957 et
1110 2905 1205 2981 saepe

124 3007 193 3077 acri
211 3027 290 3077 cum
310 2986 549 3099 indignatione
568 3008 672 3080 animi
694 3008 868 3080 adversus
887 3030 1003 3081 mores
1024 3009 1203 3080 hominum

124 3137 331 3212 nostrorum,
342 3128 560 3220 quibusnibil
579 3131 612 3200 in
627 3133 738 3223 pretio
750 3142 808 3202 est
819 3131 1019 3202 nisiaurum
1033 3140 1068 3200 et
1081 3151 1204 3222 argen-

126 3258 206 3330 tum,
229 3258 333 3339 atque
346 3247 508 3321 obscoena
521 3273 703 3345 corporum
720 3256 895 3346 voluptaS,
910 3274 990 3345 quae
1004 3253 1033 3323 si
1052 3254 1085 3322 in
1103 3251 1203 3323 bonis

124 3365 284 3438 habenda
318 3380 409 3450 sunt,
438 3373 545 3443 multo
570 3375 780 3445 cuumiatius
807 3378 985 3467 multoque
1016 3375 1212 3466 perfectius

122 3511 191 3559 non
214 3499 344 3559 tantum
368 3501 473 3561 mutae
495 3493 639 3584 pecudis
657 3496 720 3567 sed
738 3496 922 3566 immobilis
941 3507 977 3567 et
993 3495 1203 3566 insensibilis

122 3610 297 3694 etenenti,
320 3633 425 3702 qnam
447 3615 624 3687 rationalis
646 3617 795 3688 bominis
821 3618 951 3690 honum
972 3621 1047 3691 erit.
1071 3619 1139 3689 Sed
1159 3618 1203 3690 do

125 3732 189 3802 boc
210 3731 306 3803 alias.
328 3732 427 3802 Nunc
449 3733 508 3805 tibi
530 3737 645 3828 potius
663 3749 800 3831 tempus
822 3752 875 3811 est
898 3753 934 3811 ut
954 3743 1084 3832 gratias
1102 3763 1201 3832 agam

126 3863 195 3921 tum
222 3874 285 3945 pro
312 3853 429 3924 multis
458 3864 528 3925 tum
555 3878 617 3947 pro
646 3878 688 3926 co
715 3858 913 3929 nominatim
940 3862 1033 3951 quod
1060 3861 1201 3933 oblitum

124 3993 217 4067 saepe
240 3977 464 4067 praesentium
480 3980 648 4048 malorum
664 3979 803 4048 saeculis
817 4002 872 4050 me
885 3981 1093 4054 felicioribus
1112 3985 1202 4054 inso-

127 4094 186 4176 ris,
211 4108 247 4165 ut
268 4096 357 4167 inter
377 4098 563 4190 legendum
587 4100 708 4169 saitem
731 4124 808 4170 cum
832 4102 1014 4190 Corneliis,
1038 4105 1203 4198 Scipioni-
