2834 5086
163 632 221 691 aaa
624 640 788 689 vnnrnnuu

165 783 337 877 stupenda
367 782 533 854 societate
558 792 811 863 convenerant,
839 782 874 851 in
902 792 1025 875 pontes
1045 790 1081 851 et
1100 778 1247 863 maenia,

165 916 269 997 atque
298 904 489 975 immeritos
515 902 649 995 lapides
676 902 900 973 desaevirent.
923 902 1078 993 Denique
1104 911 1185 995 post
1211 900 1249 969 vi

165 1030 222 1097 vel
255 1026 352 1097 senio
368 1028 521 1119 collapsa
547 1026 683 1118 palatia,
705 1045 787 1117 quae
806 1024 982 1116 quondam
1005 1025 1166 1115 ingentes
1195 1032 1252 1093 te·

166 1158 318 1219 nuerunt
349 1148 431 1231 viri,
463 1158 543 1238 post
574 1144 732 1238 diruptos
754 1166 857 1217 arcus
880 1145 1124 1238 triumphales,
1153 1142 1252 1215 unde

167 1269 314 1339 maiores
347 1269 470 1339 horum
504 1266 649 1338 forsitan
680 1275 906 1349 corruerunt,
933 1265 979 1337 de
1005 1266 1253 1359 ipsiusvetu-

168 1391 267 1462 statis
300 1412 340 1461 ae
373 1389 520 1483 propriae
555 1388 742 1481 impietatis
769 1387 999 1479 fragminibus
1024 1388 1128 1457 vilem
1150 1404 1252 1477 quaa*

168 1523 259 1585 stum
294 1512 383 1606 turpi
417 1512 641 1583 mercimonio
681 1519 821 1603 captare
852 1530 919 1580 non
959 1508 1093 1602 puduit.
1127 1506 1254 1599 ltaque

168 1655 258 1704 nunc
280 1633 347 1704 heu
368 1633 483 1705 dolor!
506 1631 574 1703 heu
591 1634 705 1703 scelus
726 1630 925 1722 indignum!
946 1631 991 1702 de
1007 1630 1137 1701 vestris
1156 1612 1255 1697 mar-

168 1754 295 1826 moreis
328 1754 514 1837 columnis,
548 1754 593 1824 de
628 1753 804 1825 liminibus
832 1756 1056 1846 templorum,
1089 1751 1134 1823 ad
1165 1768 1254 1844 quae

167 1898 278 1969 nuper
298 1897 345 1946 ex
366 1886 437 1947 toto
456 1875 541 1948 orbe
561 1896 755 1947 concursus
780 1874 1031 1946 devotissimus
1056 1872 1173 1955 fiebat,
1201 1872 1254 1945 de

169 1998 377 2089 imaginibus
408 2002 669 2092 sepulcrorum,
698 1998 765 2070 sub
792 1998 921 2090 quibus
948 2008 1084 2090 patrum
1112 2006 1255 2069 vestro-

168 2141 245 2189 rum
263 2118 474 2190 venerabilis
495 2120 582 2190 einis
602 2129 691 2203 erat,
715 2129 753 2189 ut
773 2118 905 2210 reliqna
926 2118 1056 2201 sileam,
1071 2116 1256 2191 desidiosa

167 2240 328 2330 Neapolis
346 2240 546 2312 adornatur.
565 2243 621 2312 Sic
639 2242 804 2334 paulatim
822 2243 935 2311 ruinae
954 2244 1041 2334 ipsae
1061 2240 1250 2323 deliciunt,

168 2365 293 2453 ingens
326 2363 562 2433 testimonium
589 2363 841 2453 magnitudinis
862 2363 1093 2456 antiquorum.
1115 2364 1161 2433 Et
1181 2382 1255 2435 vos

174 2498 222 2556 tot
248 2487 352 2555 millia
380 2487 533 2555 virorum
567 2486 707 2556 sortium
738 2505 853 2555 coram
889 2487 1009 2579 paucis
1043 2486 1253 2557 latrunculis

170 2628 237 2677 non
252 2610 351 2677 aliter
366 2630 472 2699 quam
490 2610 524 2676 in
542 2617 643 2699 capta
663 2607 747 2678 urbe
760 2607 1009 2689 crassantibus,
1024 2628 1089 2677 eeu
1102 2604 1253 2677 totidem

170 2752 237 2801 non
261 2740 328 2799 tam
351 2732 445 2800 servi
459 2752 563 2822 quam
579 2752 713 2822 pecora,
735 2752 814 2802 cum
835 2729 983 2823 publicae
1000 2728 1120 2800 matris
1138 2748 1254 2799 mem·

170 2852 232 2921 bra
249 2851 496 2946 discerperent,
515 2853 675 2923 siluistis:
693 2851 855 2923 nimirum
869 2852 960 2923 enim
976 2871 1080 2944 super
1094 2870 1159 2921 vos
1174 2870 1254 2921 sor·

172 2985 223 3045 tes
243 2977 407 3053 fenerant,
429 2974 509 3065 quis
527 2974 619 3057 huic,
642 2975 722 3066 quis
740 2974 785 3043 illi
806 2973 946 3044 cederet
966 2974 1000 3042 in
1024 2971 1195 3066 praedam3
1216 2979 1257 3043 et

170 3094 264 3186 quod
289 3094 417 3165 imbelli
447 3093 578 3165 civitati
609 3094 823 3165 Athenarum
845 3092 1013 3163 miramur
1032 3101 1067 3162 et
1089 3090 1257 3183 indigna·

172 3241 250 3288 mur
282 3216 467 3307 obtigisse,
502 3239 580 3287 eum
621 3218 770 3307 legimus
805 3235 882 3285 eam
922 3213 1136 3285 ornamentis
1175 3212 1256 3287 suis

171 3338 331 3409 omnibus
353 3348 387 3408 et
408 3337 596 3407 luminibus
613 3337 770 3408 orbatam
793 3336 839 3407 ad
861 3335 1000 3439 triginta
1022 3345 1255 3430 tyrannorum

171 3458 352 3529 arbit-rium
392 3462 610 3551 pervenisse,
645 3460 711 3529 hoc
744 3458 778 3528 in
813 3455 900 3528 urbe
934 3458 1042 3527 Roma
1071 3455 1256 3529 domitrice

174 3580 308 3651 urbium
343 3601 384 3650 ac
418 3591 585 3650 terrarum
612 3578 762 3663 domina,
792 3579 952 3649 sublimis
978 3578 1092 3649 adbuc
1112 3576 1256 3669 imperii

171 3711 205 3771 et
226 3700 351 3770 summi
375 3698 599 3771 Pontificatus
614 3699 722 3769 titulis
735 3700 916 3782 illustrata,
939 3700 1097 3791 potuisse
1117 3698 1258 3769 contin-

173 3846 272 3916 gere,
307 3834 343 3892 ut
377 3844 444 3892 non
471 3825 579 3893 multo
605 3823 770 3915 plurium,
805 3823 894 3892 forte
928 3821 1033 3894 etiam
1062 3840 1255 3911 paucorum

174 3958 397 4041 tyrannorum
416 3943 616 4017 libidinibus
635 3945 842 4027 subiaceret,
860 3964 961 4015 nemo
978 3942 1120 4036 quidem
1139 3960 1257 4034 usque

173 4069 218 4137 ad
244 4068 310 4139 hoo
337 4076 471 4160 tempus
504 4065 564 4158 qui
598 4066 684 4136 satis
718 4065 959 4156 indignaretur
991 4066 1153 4135 inventus
1184 4070 1256 4134 est.

174 4188 258 4269 Quis
292 4189 441 4269 illorum,
461 4208 595 4283 precor,
628 4209 779 4278 unquam
809 4209 831 4257 a
859 4188 961 4259 vobis
983 4186 1100 4257 servili
1122 4187 1255 4277 aliquo,

174 4308 240 4379 uisi
273 4312 396 4383 eodem
431 4309 574 4383 sordido
605 4322 790 4383 contentus
823 4308 994 4404 obsequio
1021 4308 1107 4379 fuit?
1132 4306 1256 4377 Servis

176 4435 277 4521 paulo
306 4432 498 4517 altioribus,
522 4434 678 4527 ipsisque
705 4433 866 4505 iumentis
894 4433 1061 4523 parcitur,
1082 4430 1149 4501 etsi
1182 4448 1254 4499 non
