2834 5086
162 689 219 749 loti
503 696 545 745 ou
567 692 668 743 liunus
690 689 913 740 rnntnrsnmus

162 842 424 912 circumventus
445 848 511 909 est.
534 837 732 928 Augustum
753 831 896 903 fulmina
918 837 1127 901 metuentem
1153 848 1246 898 mor-

165 966 230 1037 bus
256 986 297 1035 ac
324 963 460 1034 scnium
488 961 709 1039 resolvit,.et
735 954 968 1031 Domitianum
994 950 1112 1042 iungis
1137 948 1246 1021 absti-

164 1095 304 1158 nentem
325 1086 538 1156 inrenerunt
556 1080 680 1175 gladii,
699 1088 735 1150 et
751 1085 948 1153 cessantem
963 1094 984 1144 a
1002 1072 1129 1164 gladiis
1143 1072 1247 1142 Clau-

164 1208 259 1279 dium
282 1209 420 1281 boletus
441 1206 508 1278 sed
524 1204 716 1277 medicatus
733 1199 896 1272 extinxit.
915 1195 1099 1267 Africanus
1115 1195 1244 1278 iunior,

164 1354 270 1424 quem
291 1335 386 1403 nulla
407 1330 501 1403 acies
523 1332 639 1400 nullus
653 1326 765 1398 hostis
780 1326 944 1414 fregerat,
967 1341 1035 1391 non
1049 1319 1240 1400 Numantia,

166 1474 234 1525 uon
268 1455 454 1546 Carthago,
485 1461 632 1522 mortem
659 1447 789 1540 reperit
815 1446 849 1513 in
871 1443 1044 1535 coniugali
1065 1441 1245 1521 cubiculo,

165 1577 260 1668 quod
274 1598 402 1669 magno
422 1575 468 1645 illi
485 1572 687 1643 Graecorum
707 1568 780 1659 regi
799 1568 980 1659 Troiaeque
998 1566 1121 1638 victori
1143 1576 1247 1659 atquc

167 1700 324 1771 eversori
351 1708 446 1767 lanto
471 1692 568 1786 prius
595 1690 778 1762 acciderat.
807 1687 876 1758 Sed
901 1710 972 1781 quo
998 1692 1129 1783 pergo?
1158 1686 1248 1772 Quid

133 1840 140 1851 ’
168 1817 454 1915 impraemeditate
475 1813 696 1884 morientium
718 1813 877 1904 exempla
896 1833 1079 1894 coacervo,
1094 1834 1175 1882 cum
1187 1832 1250 1905 po-

168 1943 236 2011 tius
259 1941 291 2008 in
313 1937 487 2009 contrario
508 1933 737 2005 laborandum
761 1934 820 2018 sit,
848 1943 884 2003 et
908 1935 1150 2025 exemplorum
1179 1956 1249 2005 non

167 2060 266 2152 copia
294 2059 356 2129 sed
382 2057 507 2128 raritas
532 2054 754 2127 acervanda?
779 2055 947 2138 Quotiens
974 2052 1066 2122 enim
1097 2057 1249 2147 quisquc

168 2181 365 2253 mortalium
387 2190 425 2250 ut
445 2179 606 2272 opinatus
627 2189 682 2248 est
709 2175 870 2258 moritur,
896 2186 933 2246 et
953 2195 1031 2256 non,
1054 2184 1093 2244 ut
1118 2173 1247 2246 dictum

168 2315 240 2387 est,
255 2314 418 2397 tempore,
434 2310 495 2372 aut
508 2302 592 2380 loco,
608 2310 669 2368 aut
682 2300 757 2391 ipso
771 2296 891 2367 mortis
910 2297 943 2364 in
958 2316 1088 2385 genere
1101 2296 1245 2376 fallitur,

168 2437 205 2496 ct
230 2424 401 2495 interdum
429 2422 506 2490 falsi
536 2422 618 2508 luga
651 2420 686 2489 in
719 2438 842 2486 verum
877 2416 1013 2506 impulit
1040 2412 1249 2483 discrimen?

172 2545 279 2615 Unius
311 2546 393 2632 luga
420 2538 563 2632 periculi
589 2538 732 2609 alterius
762 2558 870 2608 causa
902 2544 980 2607 est:
1006 2537 1136 2606 multos
1168 2536 1248 2605 mali

169 2674 283 2734 motus
301 2663 334 2729 in
356 2662 484 2729 malum
507 2660 626 2743 trusit,
650 2659 748 2729 iuxta
765 2658 849 2729 illud
867 2657 1106 2753 propheticum
1126 2656 1247 2729 lsaiae:

172 2782 240 2869 Qui
253 2783 376 2871 superet
396 2780 507 2874 iuquit
527 2804 548 2850 o
569 2802 648 2850 voce
671 2778 857 2874 formidinis
874 2779 964 2851 cadet
991 2782 1027 2849 io
1042 2783 1191 2869 socrum,
1218 2790 1251 2849 et

168 2904 225 2993 qui
246 2923 279 2971 se
299 2904 499 2995 erplr'coerit
518 2902 557 2973 de
579 2908 689 2996 foveo,
710 2905 871 2975 tenebitur
895 2926 917 2972 c
943 2906 1067 2993 laqueo.
1096 2904 1140 2974 Ut
1174 2923 1251 2972 cer·

168 3024 303 3096 tissima
328 3027 470 3117 quidem
497 3050 612 3097 rerum
635 3027 789 3098 omnium
819 3047 928 3106 mors,
962 3026 1012 3095 sic
1040 3023 1130 3096 circa
1159 3025 1249 3094 illam

168 3147 401 3217 incertissima
428 3149 559 3230 omnia,
594 3136 751 3239 nihilque
781 3159 849 3217 tam
878 3145 1042 3237 ambigue
1075 3144 1114 3217 lit
1143 3167 1248 3238 quam

168 3266 263 3359 quod
284 3287 352 3336 non
375 3267 448 3337 fieri
471 3289 538 3338 non
562 3288 667 3360 posse
680 3288 749 3338 non
764 3267 962 3359 ambigitur.
977 3268 1148 3352 Quaenam
1165 3288 1251 3339 uero

171 3389 561 3481 haeccuraestquaudo,
580 3390 652 3473 ubi,
669 3411 731 3460 seu
745 3389 873 3482 quibus
886 3412 1025 3484 peream
1038 3393 1251 3462 instrumen-

171 3513 230 3593 tis,
248 3536 292 3583 an
307 3511 352 3599 sit
366 3511 468 3603 iguiS,
483 3534 526 3583 an
541 3514 700 3605 laqueuS,
716 3535 758 3583 au
775 3510 891 3597 lebriS,
907 3514 1115 3605 angladius,
1135 3536 1179 3583 an
1193 3498 1251 3584 ru-

171 3636 240 3720 dis,
256 3658 300 3706 an
315 3635 464 3730 lapidos,
480 3656 524 3704 an
539 3634 631 3721 sitia,
646 3659 690 3707 an
705 3656 838 3729 aequor,
861 3658 905 3707 au
923 3636 1071 3719 ilarius,
1087 3657 1131 3706 an
1144 3654 1255 3705 vene·

172 3782 267 3829 num.
281 3759 357 3830 Non
371 3759 449 3830 dico
467 3758 585 3830 itidem
603 3781 646 3830 an
661 3762 786 3842 tames,
799 3781 843 3830 an
857 3762 1008 3852 crapula,
1022 3780 1067 3829 an
1082 3759 1252 3830 honestus
1297 3751 1302 3761 '

174 3881 279 3962 labor,
294 3904 338 3951 an
354 3882 464 3974 turpis
487 3881 607 3954 inertia
626 3909 632 3951 :
654 3885 817 3975 quoniam
838 3883 928 3953 inter
945 3882 1023 3953 haec
1036 3880 1254 3976 praelargiter

173 4004 297 4074 dill'ert.
317 4003 385 4076 Sed
406 4005 489 4075 dum
511 4013 627 4077 cesset
648 4008 761 4099 culpae
785 4005 900 4088 virm,
927 4006 1151 4077 conscientiae
1177 4004 1256 4074 vul·

175 4145 257 4206 mm,
280 4126 384 4197 febris
406 4127 607 4208 affectuum,
630 4125 825 4198 insolentiae
840 4139 970 4210 tumor,
985 4127 1075 4198 livor
1091 4125 1255 4207 infamia),

178 4268 238 4347 por
260 4265 298 4313 se
321 4247 430 4337 ipsam
451 4249 566 4319 omnis
587 4269 681 4319 mors
708 4271 776 4319 una
802 4261 907 4342 atquc
934 4250 1056 4320 eadem
1091 4257 1163 4331 est,
1198 4248 1255 4317 illa

178 4369 317 4467 quidem
338 4368 511 4440 evitabilis
533 4371 631 4454 nulli,
653 4373 906 4464 aequaliterque
932 4369 1094 4443 omuibus
1124 4372 1258 4464 impen-

180 4496 282 4575 rlrnS,
308 4502 340 4561 ct
368 4491 531 4581 opulento
557 4493 643 4580 regi,
672 4501 708 4561 ct
732 4491 824 4582 inopi
851 4491 1028 4582 agricole,
1059 4502 1093 4561 ct
1120 4490 1258 4562 deicolo
