2834 5086
206 634 245 694 Ω
479 686 484 691 .
551 647 591 693 nn
614 645 713 694 nunus
735 644 959 692 unuimnnmus

208 782 327 875 pserit.
345 781 445 864 Quod
466 779 620 873 quidem,
645 781 673 851 si
697 780 866 874 snpientia
878 781 935 849 illa
950 788 1025 861 tna,
1040 799 1122 871 quae
1141 778 1187 850 ab
1204 780 1288 851 ado·
1327 852 1332 862 ,

207 903 372 972 lescentia
395 915 506 974 tecum
528 915 618 986 erut,
640 912 775 974 etcum
798 912 953 996 tempore
977 902 1133 972 crevisse
1156 899 1290 972 debue-

207 1034 273 1108 rat,
289 1025 443 1115 cogitare
459 1027 576 1095 omnia
593 1037 628 1096 et
644 1024 914 1117 circumspicere
932 1025 1116 1107 voluisset,
1135 1022 1181 1092 ab
1195 1026 1288 1094 omni

205 1158 302 1240 parte
323 1149 448 1219 falsum
469 1169 612 1241 prorsus
630 1160 665 1220 et
681 1146 891 1240 inopinabile
907 1147 1142 1239 cognovisset.
1161 1147 1288 1218 Occur-

205 1271 310 1342 risset
329 1271 461 1343 utinam
491 1271 549 1342 tibi
576 1271 729 1342 Platonis
758 1271 918 1353 historia,
951 1270 1011 1362 qui
1046 1279 1288 1341 accusatorem

204 1395 411 1466 Xenocratis
432 1395 532 1489 amici
555 1394 621 1476 sui,
651 1395 711 1484 qui
738 1391 804 1462 sibi
831 1404 926 1475 tunc,
952 1401 988 1463 ut
1008 1413 1101 1462 nunc
1127 1392 1288 1462 Socrates

205 1517 265 1588 tibi
291 1518 490 1589 detraxisse
516 1515 706 1596 ferebatur,
735 1515 868 1604 respuit
893 1524 929 1583 et
955 1514 1097 1598 abiecit,
1126 1537 1197 1585 rem
1222 1516 1288 1584 im—

204 1638 404 1730 possibilem
429 1638 548 1708 dicens
570 1647 640 1707 tam
661 1634 997 1709 dilectumamicum
1015 1649 1051 1708 et
1075 1647 1145 1707 tarn
1166 1660 1285 1709 earum

204 1763 300 1832 vices
320 1758 448 1832 amoris
470 1758 535 1828 sibi
557 1780 626 1829 uon
650 1757 806 1829 reddere.
828 1759 879 1829 Tu
905 1780 992 1830 vero
1019 1769 1088 1829 tarn
1116 1762 1216 1833 facile
1241 1760 1286 1833 de

203 1885 314 1954 amico
340 1883 458 1953 nescio
483 1881 554 1964 eui,
583 1881 645 1953 sed
674 1882 874 1975 utriusque,
898 1895 936 1954 nt
956 1882 1116 1969 arbitror,
1138 1899 1174 1958 et
1192 1886 1286 1978 quod

203 2014 297 2076 certe
311 2003 556 2085 scio,veritatis
571 2003 874 2090 inimico,credere
885 2009 1125 2100 potuistithl
1140 2011 1283 2081 nimium

203 2144 360 2219 praeceps
391 2136 426 2194 et
454 2145 562 2214 prona
595 2125 797 2214 credulitas,
825 2151 907 2221 quae
934 2131 1027 2201 mille
1053 2131 1136 2202 olim
1160 2129 1286 2202 evertit

203 2249 382 2321 amicitias.
422 2246 553 2316 Vellem
585 2260 723 2345 tempus
754 2252 884 2327 babere
917 2255 963 2327 ad
995 2254 1217 2327 scribendum
1249 2265 1284 2325 ut

202 2374 357 2444 animum
378 2367 501 2440 habeo.
525 2371 631 2444 lllnlta
654 2375 710 2446 hic
727 2378 880 2447 dicerem
895 2400 976 2470 qum
991 2378 1111 2449 silebo.
1132 2378 1170 2447 In
1187 2400 1283 2449 sum-

202 2517 258 2565 ma
276 2504 407 2575 tamen,
427 2493 587 2565 amicitiae
600 2517 773 2566 venenum
789 2499 942 2588 suspicio
959 2508 1028 2580 est,
1043 2519 1125 2588 qnae
1141 2501 1283 2589 quidem

201 2617 236 2688 in
257 2635 430 2706 generoso
446 2628 481 2687 et
498 2620 567 2689 alto
584 2618 690 2689 corde
708 2639 777 2689 non
796 2618 940 2697 habitat,
959 2618 1178 2708 qualiterque
1191 2642 1285 2690 nunc

201 2739 235 2807 in
258 2746 354 2806 tuum
378 2749 499 2830 peetus
525 2739 720 2832 obrepserit
746 2740 861 2809 miror.
890 2739 984 2830 Ergo
1011 2740 1172 2808 Socrates
1199 2746 1281 2806 tuus

201 2859 244 2931 de
264 2871 297 2931 te
319 2864 409 2932 male
429 2866 565 2936 locutus
587 2865 668 2934 est‘?
688 2863 893 2956 Curqnaeso
910 2874 971 2935 aut
991 2883 1062 2956 qun
1083 2864 1171 2956 spe‘l
1190 2858 1282 2942 Quid

202 2994 237 3054 tu
255 2984 303 3054 illi
325 2987 477 3059 leceras‘l
501 2987 573 3059 Aut
597 2987 680 3081 quid
708 2989 764 3059 ille
785 2991 939 3060 lucratus
960 2996 1057 3059 esset
1082 2984 1224 3077 qnando
1250 2994 1283 3054 te

201 3105 296 3190 mihi,
319 3111 414 3199 quod
433 3133 498 3181 nec
519 3113 595 3203 ipse
615 3134 679 3181 nec
699 3113 790 3181 alius
810 3120 945 3201 posset,
964 3110 1126 3179 odiosum
1147 3106 1282 3175 cliecis-

201 3235 287 3302 set?
310 3231 386 3300 Non
412 3243 488 3300 erat
513 3243 631 3300 tantus
657 3234 755 3300 furor
778 3230 954 3299 credibilis
980 3228 1025 3298 de
1051 3225 1191 3296 homine
1212 3238 1280 3298 tam

199 3354 362 3425 discreto.
389 3351 487 3422 Licet
510 3352 603 3421 enim
629 3362 732 3421 extra
756 3347 876 3420 orbem
904 3350 1056 3420 italicum
1083 3362 1185 3421 natus
1218 3352 1279 3433 sit,

201 3500 303 3549 nemo
323 3487 439 3547 tamen
464 3474 579 3543 animo
605 3484 640 3543 et
664 3475 845 3542 voluntate
871 3471 984 3562 magis
1011 3472 1149 3544 ltalicns
1176 3475 1277 3545 vivit:

199 3602 295 3694 quod
309 3609 346 3671 nt
358 3596 405 3668 itu
425 3605 523 3667 esset
539 3616 605 3666 nos
617 3594 688 3665 duo
702 3605 783 3665 ante
801 3613 925 3664 omnes
938 3597 1103 3666 mortales
1123 3598 1278 3667 lecimus

199 3726 244 3796 Et
263 3721 350 3815 proh
367 3722 494 3814 pudor!
519 3717 706 3812 lmpudens
727 3715 939 3788 obtrectator
965 3740 1034 3788 non
1060 3719 1200 3790 erubuit
1225 3718 1280 3788 di-

200 3866 293 3928 cere,
322 3846 500 3915 Socratem
527 3843 616 3910 male
643 3839 726 3912 milri
753 3840 937 3933 scripsisse
964 3842 1009 3914 de
1035 3843 1152 3913 Laelio.
1182 3842 1280 3913 Nunc

200 3979 238 4038 tn
271 3968 348 4037 viro
381 3965 639 4059 sapientissimo
665 3976 770 4057 atque
795 3965 941 4058 optimo,
977 3965 1074 4037 stulti
1106 3979 1142 4037 et
1171 3967 1279 4059 iniqui

200 4091 351 4161 hominis
371 4090 504 4160 crimen
520 4089 720 4182 oppositum
739 4089 824 4180 quid
840 4090 965 4161 virium
985 4090 1113 4162 habeat
1126 4089 1278 4160 intende.

201 4213 234 4280 Si
253 4211 374 4282 fixeris
393 4212 564 4295 animum,
581 4213 610 4281 si
625 4232 764 4281 omnem
779 4211 969 4284 iracundiae
986 4222 1119 4282 motum
1133 4210 1279 4281 nubem-

199 4359 268 4429 qne
290 4336 495 4429 propuleris,
519 4336 547 4407 si
570 4346 650 4407 ante
668 4338 787 4408 oculos
806 4345 884 4423 tuos
903 4344 1012 4407 totum
1027 4333 1073 4405 nd
1087 4333 1175 4403 hano
1188 4332 1279 4401 diem

201 4482 267 4531 non
308 4459 409 4532 morlo
441 4461 667 4543 concorditer,
697 4461 759 4531 sed
791 4482 859 4530 nnn
892 4479 999 4553 prope
1033 4456 1148 4526 anima
1181 4453 1279 4524 nobis
