2670 4688
125 282 184 343 clo
463 290 504 337 ue
526 289 627 335 nouus
649 287 872 336 [irrueremus

127 438 168 506 El
188 445 381 527 praeterea:

621 570 700 646 lugil
716 575 800 629 relro

404 667 493 730 Levis
511 667 669 739 iuremus,
684 673 718 726 el
730 667 841 739 decor,
857 665 941 728 arida

444 765 573 827 Pelleule
591 764 720 825 lascivos
736 780 860 825 amores

483 863 616 936 Canitie,
633 862 815 940 facilemque
832 876 985 922 somnum.

126 1031 170 1102 El
185 1025 380 1122 nequando
399 1023 587 1098 redituram
602 1045 680 1093 oum
695 1024 802 1094 semel
816 1023 964 1113 fugisset
978 1036 1217 1116 expectarem

126 1151 328 1234 audiebam,

408 1302 466 1364 Nec
484 1300 552 1362 Com
572 1302 708 1363 referunt
726 1301 787 1364 iam
805 1301 860 1363 libi
878 1317 1042 1381 purpura»,

406 1401 465 1463 Nec
484 1398 557 1460 clari
574 1399 702 1479 lapides,
720 1408 858 1479 tempora
875 1417 944 1478 oure
960 1403 1058 1464 semel

446 1497 530 1560 Nolis
546 1499 666 1563 condita
683 1499 769 1562 lastis

482 1596 603 1660 luolusil
620 1598 755 1661 volucris
771 1596 845 1660 dies.

124 1771 232 1845 Nimio
270 1764 363 1860 apud
400 1766 558 1835 Flaccum
603 1786 728 1836 moror.
770 1762 965 1836 Audiebam
1009 1765 1213 1840 Senecam:

128 1892 278 1985 Corpora
317 1900 430 1958 noolro
468 1888 647 1979 rapiuntur
687 1886 863 1977 {lominum
880 1908 998 1992 umore.
1038 1884 1215 1982 Quidquid

127 2014 229 2097 vr'doo,
256 2013 362 2082 currit
386 2032 460 2080 com
486 2021 638 2101 tempore.
666 2009 764 2079 Nihil
794 2032 839 2077 eoo
871 2012 921 2079 icis
953 2033 1025 2101 quoe
1060 2011 1214 2085 eudemum

125 2147 245 2209 munel.
267 2133 337 2223 Epo
363 2133 432 2224 ipre
452 2129 530 2199 dum
552 2130 666 2220 loquor
689 2133 816 2199 molari
838 2132 915 2215 ulo,
945 2142 1094 2203 luciolus
1120 2155 1208 2203 sum.

122 2254 317 2329 Audiebam
338 2253 561 2324 Ciceronem:
581 2253 669 2321 coloe
688 2255 794 2335 enim,
816 2251 940 2344 inquit,
962 2263 1052 2322 otoo.
1074 2255 1123 2325 Et
1141 2257 1210 2327 ile·

123 2405 199 2455 rum
216 2407 222 2450 :
240 2382 311 2473 quio
331 2390 378 2448 ost
399 2390 466 2448 lom
486 2377 617 2461 stolum,
640 2377 793 2467 quamvis
810 2379 853 2446 sil
870 2376 1076 2461 adolescens,
1094 2384 1156 2450 oui
1170 2385 1213 2452 sit

122 2506 329 2596 eoplorolum
354 2525 388 2572 se
412 2498 456 2571 od
479 2520 651 2592 vesperam
684 2522 750 2572 cose
782 2499 973 2570 victurum?
996 2500 1069 2572 Neo
1096 2505 1214 2576 mullo

122 2636 222 2722 post:
244 2624 450 2697 moriendum
471 2624 560 2694 euim
580 2636 666 2693 certe
686 2637 755 2694 orl:
781 2636 811 2693 el
837 2620 872 2691 id
896 2624 1057 2691 incertum
1081 2647 1130 2693 on
1152 2627 1214 2695 luoc

121 2753 190 2846 ipso
210 2749 271 2819 die.
296 2752 338 2820 El
359 2771 482 2821 rursus
507 2747 597 2818 idem
617 2746 723 2816 alibi:
748 2768 792 2816 on
827 2743 861 2812 ol
893 2747 1104 2838 emplorolom
1138 2751 1212 2818 oui·

121 2894 220 2968 quom
234 2883 341 2964 polest
361 2893 427 2940 osso
452 2866 609 2961 quomodo
628 2888 697 2936 sese
716 2867 903 2935 habiturum
928 2870 970 2937 sil
995 2841 1113 2960 corpus
1139 2894 1211 2943 nou

123 2994 194 3066 dico
214 2990 256 3064 od
275 3015 405 3061 oncrum
423 2989 479 3059 sed
498 2988 542 3058 od
561 2990 757 3081 vesperam?
776 2988 873 3058 lllitlo
895 2991 997 3061 alios:
1016 3011 1209 3084 operosum

123 3131 180 3192 est
195 3117 286 3191 enim
305 3114 461 3206 singulos
477 3122 513 3182 el
530 3111 668 3203 singula
686 3111 866 3203 prosequi,
885 3123 921 3184 et
939 3115 1070 3206 puerile
1087 3116 1210 3209 potius

123 3267 228 3338 quam
251 3239 358 3313 senile
380 3235 534 3306 studium
560 3232 724 3307 flosculos
755 3235 953 3328 decerpere.
977 3237 1105 3306 Verum
1129 3237 1210 3313 haec

124 3382 160 3440 el
181 3368 235 3438 his
257 3364 348 3434 mille
368 3358 494 3430 similia
522 3377 616 3449 saepe
640 3378 688 3426 ex
714 3379 781 3440 me,
811 3378 906 3450 saepe
933 3380 1069 3429 mecum
1092 3359 1127 3429 in
1151 3362 1208 3434 his

126 3493 211 3587 ipsis
230 3507 377 3583 quorum
398 3490 500 3552 erant
520 3492 699 3551 auctorum
727 3480 845 3573 pretio,
872 3503 919 3550 ox
939 3481 1123 3554 commodo
1142 3485 1210 3558 de·

123 3612 296 3709 celocisli.
311 3610 384 3700 Ego
396 3614 511 3678 autem
526 3601 731 3674 adolescens
751 3613 881 3695 quanto
899 3603 953 3674 lis
970 3605 1208 3695 inlelligendis

124 3735 251 3807 ,riuum
267 3728 485 3826 llegraverim
505 3727 635 3818 aliquot
656 3748 716 3817 per
737 3747 860 3807 arluco,
879 3726 1020 3817 quando
1038 3726 1207 3802 necdum

125 3861 221 3929 ,mm
243 3859 447 3952 suiplorum
469 3872 582 3943 genus
608 3859 675 3920 tam
705 3849 919 3921 lanuiliarilcr
945 3871 1073 3932 noram,
1098 3851 1205 3924 libelli

139 4130 216 4179 oce*
251 4127 376 4181 uenus
408 4097 533 4172 lalibus
567 4094 759 4191 praeserlim
792 4093 896 4165 affixa
931 4096 1126 4178 soulenliis,
1155 4122 1204 4170 ex
