2834 5086
165 716 226 780 oti
511 735 670 784 nunnioni
690 695 905 786 uiuunna'nou.

164 875 226 943 iiia
246 889 291 940 ex
309 872 393 955 aito,
412 884 449 944 ot
466 877 641 970 insperato
658 876 703 947 ad
721 879 777 948 sui
796 876 929 949 libitum
947 879 1101 973 disponit
1116 884 1247 953 omnia.

165 998 372 1067 Vestrorom
387 998 555 1071 maiorum
575 1000 711 1070 habetis
727 1003 904 1092 exempla,
921 1005 1098 1088 mortales,
1116 1004 1249 1096 quibos

167 1116 396 1202 testantibus.
422 1133 458 1192 et
496 1122 657 1194 haeredes
683 1143 762 1205 eata
784 1127 929 1214 pignora
951 1125 1245 1217 relinquentibuS‚

166 1241 252 1313 nihii
279 1240 312 1310 in
340 1253 517 1336 posterum
550 1245 595 1317 ad
629 1253 710 1314 vota
741 1246 925 1330 successit,
952 1255 988 1317 et
1011 1268 1101 1338 quos
1127 1249 1248 1318 noioe-

168 1373 259 1446 rant,
281 1364 450 1438 adversos
478 1367 638 1439 haeredes
651 1379 687 1436 et
707 1365 900 1459 inopinatos
922 1367 1088 1439 habuere.
1104 1408 1150 1419 —
1165 1370 1248 1438 Haeo

166 1488 283 1560 omnia
304 1489 430 1572 sateoi,
450 1500 487 1560 et
507 1488 687 1562 audivisse
713 1486 822 1560 iuvat.
848 1489 917 1561 Sed
942 1491 987 1562 ad
1012 1489 1079 1561 aiia
1102 1511 1246 1584 progre-

167 1611 333 1684 diendum
354 1621 420 1681 est.
443 1611 559 1684 Times
581 1633 624 1683 ne
646 1610 701 1681 hic
727 1613 823 1683 solus
855 1634 994 1684 morans
1028 1611 1182 1704 aliquid?
1198 1653 1248 1667 -

167 1737 286 1808 Solum
310 1744 488 1829 peecatum
509 1736 624 1807 timeo.
640 1733 790 1818 -Quid
810 1735 887 1839 agis
914 1736 948 1805 iu
974 1735 1054 1807 die?
1071 1775 1117 1787 -
1131 1735 1243 1827 Lego,

166 1857 293 1933 scribo.
309 1899 354 1910 -
369 1858 424 1929 Ad
436 1859 521 1951 quid
538 1858 623 1929 iliud
643 1859 779 1949 tegere?
792 1899 837 1910 —
853 1859 897 1929 Ut
916 1857 1008 1930 bona
1025 1856 1193 1944 ediscam,
1211 1871 1249 1930 et

166 1983 257 2051 maia
283 1980 477 2066 dediscam,
512 1990 548 2051 et
579 1981 694 2050 minus
716 1981 834 2067 maius
859 1977 952 2051 fiam.
967 1981 1113 2064 —Quis
1135 1980 1249 2052 noscit

41 2166 45 2172 .
167 2102 256 2174 bona
277 2116 313 2176 et
332 2080 446 2175 inaia‘?
466 2103 590 2174 Nuiius
616 2112 676 2173 aut
705 2104 806 2194 pauci
832 2100 958 2174 sciunt.
980 2104 1031 2175 ita
1050 2103 1248 2174 moriuntur

166 2225 227 2318 qui
248 2229 355 2299 multa
377 2227 506 2308 sciunt,
530 2225 620 2296 siout
639 2223 699 2316 qui
721 2236 757 2297 et
778 2245 896 2317 pauca.
914 2266 959 2277 —
973 2224 1139 2315 Minime:
1162 2248 1247 2296 uam

168 2348 212 2418 iiii
235 2347 415 2418 moriendo
437 2349 556 2423 vivere
578 2347 760 2439 incipiunt,
785 2346 818 2415 hi
841 2347 996 2418 vivendo
1013 2347 1168 2439 quotidie
1189 2369 1248 2418 oo-

167 2468 299 2539 oidont.
316 2468 555 2550 -Quomodo
576 2479 725 2560 possunt
751 2468 796 2536 iiii
823 2478 858 2537 et
883 2468 1005 2538 vivere
1025 2479 1060 2537 ot
1080 2468 1187 2537 mori?
1200 2508 1246 2520 -

167 2589 244 2660 Nou
263 2591 447 2678 intelligis:
467 2610 534 2678 ego
550 2590 628 2659 dioo
647 2588 733 2659 mori
757 2598 792 2657 et
813 2587 946 2656 vivere.
963 2627 1007 2638 -
1021 2586 1113 2669 Quid
1129 2586 1246 2658 credis

167 2710 321 2779 vivendo
335 2715 462 2801 agero?
477 2751 519 2762 -
534 2713 629 2779 Bene
643 2711 762 2780 iacere.
780 2749 825 2759 -
837 2709 921 2778 Cui?
935 2748 980 2759 -
994 2706 1086 2776 Mihi.
1097 2706 1246 2778 -Ttbit

168 2872 213 2901 -ψ
229 2832 279 2902 ita
299 2842 335 2903 et
351 2832 459 2913 atteri,
479 2830 602 2923 siquis
620 2831 724 2900 volet.
739 2868 785 2881 -
800 2830 876 2898 Nou
892 2829 1088 2929 vuit-aiter:
1106 2829 1246 2900 omnino

165 2953 311 3025 deridet.
327 2955 429 3024 -Et
449 2956 581 3046 quare?
601 2993 647 3004 —
667 2951 756 3034 Quia
777 2951 888 3044 ignari
910 2950 1072 3040 eligenda
1097 2974 1167 3022 noo
1192 2953 1246 3021 vi-

167 3080 260 3155 deut.
288 3116 334 3130 -
358 3078 451 3161 Quis
478 3087 527 3147 tot
557 3099 599 3148 ao
625 3087 718 3146 tanta
746 3075 866 3145 videre
898 3077 1041 3168 potest?
1073 3075 1244 3145 Nonnulli.

168 3200 237 3271 Sed
274 3199 469 3307 ignorantia
503 3200 606 3269 simui
639 3194 680 3268 et¹
706 3197 852 3268 avaritia
885 3196 1040 3267 omnium
1075 3196 1244 3267 bonorum

170 3324 404 3405 inimicaest
431 3320 655 3412 omniumque
689 3323 857 3393 maiorum
885 3331 1014 3392 trames
1039 3328 1076 3392 et
1107 3320 1174 3391 via.
1199 3361 1244 3371 -

168 3446 250 3516 Mihi
274 3445 399 3514 suffieit
419 3456 454 3514 et
475 3443 561 3512 satis
580 3453 635 3513 est
654 3442 788 3513 vivere.
809 3442 930 3512 Omnia
953 3442 1030 3512 haec
1053 3441 1131 3511 aiiis
1156 3461 1246 3532 piae-

169 3566 480 3639 termitto.·Vivere
500 3562 586 3656 quid
606 3538 797 3667 mapimum
820 3573 884 3633 est.
901 3561 1051 3646 -Quid
1072 3562 1183 3633 dicis?
1200 3603 1245 3614 -

168 3690 260 3773 Quid
278 3689 377 3761 dico‘?
397 3689 517 3759 Nonne
539 3687 642 3758 vivo‘i
656 3726 701 3755 -2
714 3687 761 3756 Es
778 3713 784 3754 :
803 3685 898 3757 haud
918 3686 1022 3755 vivis.
1039 3685 1143 3755 -Et
1161 3684 1246 3778 quid

167 3823 223 3885 est
239 3812 382 3882 vivere?
397 3802 622 3881 --Natu'iam
640 3807 786 3878 honeste
800 3809 911 3900 sequi.
927 3808 1070 3878 -Nam
1087 3817 1244 3877 naturam

170 3954 307 4027 sequor.
327 3974 371 3986 —
392 3931 595 4024 Oppositum
624 3931 795 4023 sequeris.
814 3972 859 3983 -
878 3931 998 4000 Nonne
1031 3928 1126 4020 quod
1159 3928 1246 3998 saoio

170 4060 372 4128 naturaiiter
393 4055 500 4126 iaeio‘?
514 4096 559 4106 -
575 4056 785 4155 impetuose,
806 4052 881 4123 sine
903 4051 1048 4135 ratione,
1068 4051 1143 4119 siue
1163 4070 1247 4141 con·

172 4177 265 4260 sitio,
300 4188 336 4249 et
369 4177 546 4248 voluntate
581 4160 798 4267 iaoinf'Num
834 4175 911 4244 haec
937 4171 1115 4243 rationalia
1142 4174 1247 4242 sunt‘?

102 4372 105 4377 ,
172 4309 290 4369 contra
308 4310 474 4380 naturam,
489 4297 570 4389 quia
583 4276 703 4369 eontra
717 4294 1057 4389 temetipsum-Et
1068 4292 1247 4384 quomodo

172 4437 277 4506 agore
302 4419 498 4490 debeoi-
512 4418 629 4501 Disce,
652 4441 793 4513 perage,
815 4417 974 4515 dispone.
991 4413 1124 4482 -·Non
1148 4413 1247 4484 intei-

174 4538 243 4626 iigo
247 4591 313 4607 ......
339 4540 395 4609 Soi
423 4540 485 4610 ivit
513 4538 556 4609 ad
583 4559 768 4635 occasum:
801 4534 982 4609 recedendi
1018 4541 1154 4623 tempus
1180 4543 1244 4603 ost.
