2670 4688
62 243 119 305 13⁴3
395 252 561 307 nonanus
588 244 817 318 annumerans

60 398 125 470 hoc
144 401 239 472 dixi:
261 421 354 494 saepe
376 398 480 472 etiarn
509 391 656 488 scripsi:
677 415 868 527 nunquam
897 443 933 508 ta

57 521 184 593 tunins.
206 523 291 595 Nam
317 523 445 617 quietis
467 515 875 658 consitiumiuvenibus
900 572 1017 670 utne,
1046 614 1205 699 Senibus

55 665 140 716 vero
159 646 395 718 necessarium
417 655 483 717 est.
502 640 574 711 Oh!
596 638 627 707 si
644 647 689 707 su
708 650 820 728 otium
841 689 1042 784 quantam
1065 721 1132 805 hic
1151 745 1204 817 ¹0.

18 795 24 806 .
51 765 182 859 quendi
201 769 379 841 materiam
400 787 457 839 res
475 761 593 836 dabat.
614 759 685 831 Sed
702 784 771 897 non
791 798 921 883 magis
946 838 1016 898 me
1040 840 1201 945 loquen-

50 897 117 960 tem
140 891 305 984 intelligis
330 914 435 985 quam
459 897 643 962 tacentem.
670 883 723 954 Nrt
745 899 845 1030 enim
870 941 952 1006 non
984 951 1118 1047 dicam
1143 986 1196 1059 ¹0·

46 1014 114 1105 qni,
138 1012 199 1086 sed
222 1018 277 1086 vet
299 988 455 1108 cogitare
474 1033 615 1107 queam,
635 1008 729 1101 quod
752 1017 815 1094 trbi
839 1033 918 1123 iam
943 1085 1101 1168 novom
1124 1108 1189 1186 sit:

45 1138 207 1229 quamvis
234 1137 300 1210 hac
326 1140 359 1209 in
388 1161 425 1210 re
452 1158 522 1209 non
548 1132 655 1205 modu
687 1153 754 1270 egq
786 1167 907 1254 cepte,
949 1207 971 1257 S

42 1259 172 1334 frustra
214 1271 247 1333 te
286 1273 435 1335 moueat.
478 1263 656 1333 Bonarum
694 1277 785 1334 emm

42 1383 267 1459 doctissimus
293 1388 327 1457 in
360 1388 425 1459 hac
452 1408 521 1458 una
553 1393 586 1456 te
613 1382 727 1477 ipsum
759 1394 818 1462 tuu

40 1531 307 1604 supergressus,
343 1512 378 1583 in
412 1509 540 1583 incude
566 1505 798 1648 experientiae
828 1546 996 1631 exerciti

37 1641 149 1703 artem
170 1634 246 1708 eius
274 1635 333 1708 tibi
359 1637 592 1710 certissimam
620 1628 806 1707 excudrstr.

36 1755 83 1827 sit
102 1769 201 1848 grata
223 1762 396 1835 securitas
417 1783 595 1856 nusquam
617 1753 749 1830 certius
769 1781 814 1851 qu

940 468 1036 536 men
1069 501 1205 586 ΟΡΡΟΙ,Ι

999 1567 1013 1636 ῑ
1042 1592 1174 1673 malleo

834 1646 1034 1766 Equidenl
1055 1727 1167 1800 quam

819 1790 878 1849 am
905 1788 944 1866 ὴ]
969 1825 1162 1923 periculo:

33 1902 140 1974 quam
161 1886 262 1980 quies
281 1889 395 1962 dutcis
414 1908 590 1983 nusquam
613 1881 739 1956 melius
756 1904 866 2026 quam
887 1909 926 1984 jn
948 1924 1083 2023 labore
1099 1980 1158 2034 ω

31 1988 220 2098 gnoscitur.
249 2013 284 2083 Si
311 2015 387 2087 haec
413 2036 499 2109 ergo
529 2033 615 2084 vera
642 2015 741 2092 sunt,
764 2015 849 2100 quid
877 2028 990 2124 juva,
1019 2073 1153 2157 totiens

29 2132 194 2221 experiri,
216 2138 312 2230 quod
332 2140 489 2233 periculo
509 2133 641 2232 aliquid
664 2153 814 2227 semper,
834 2155 982 2244 notitia,
1004 2183 1017 2252 ,-
1126 2206 1132 2219 .

1018 2209 1080 2267 am
1098 2224 1152 2275 nr-

32 2249 77 2320 hit
100 2254 263 2331 adiiciat?
287 2263 430 2337 Frustra
456 2258 589 2338 dubios·
610 2279 717 2336 casus
744 2267 922 2353 retentare
955 2303 1145 2402 temeritas

28 2387 93 2463 est,
115 2402 187 2474 qua
207 2386 291 2459 nihil
314 2389 429 2463 minus
450 2389 621 2466 doctrinae
642 2385 851 2525 professioni
873 2419 981 2491 aetati
1004 2454 1051 2509 ρο
1069 2457 1139 2519 322.

26 2500 74 2571 tui
100 2513 137 2575 et
162 2519 297 2584 naturae
323 2515 550 2614 moribusque
577 2514 646 2590 tuis
671 2524 852 2650 convento
881 2547 972 2619 quae
995 2557 1072 2633 sia
1097 2579 1129 2640 to

22 2646 164 2724 semper
188 2638 268 2710 olim
294 2647 414 2734 procui
435 2644 558 2729 abfuit,
587 2641 671 2715 vide
693 2664 737 2711 ne
758 2659 858 2710 cutus
888 2654 970 2734 vitii
997 2698 1131 2777 expers

22 2748 135 2824 iunior
155 2760 250 2832 fuisti
269 2765 345 2835 eius
366 2771 600 2863 suspicionem
619 2771 744 2860 sponte
766 2759 898 2896 suooas
915 2796 1029 2868 aetate
1051 2805 1131 2899 hac,

25 2870 80 2935 cui
102 2884 137 2941 et
157 2884 349 2956 necessitas
377 2912 493 2960 rerum
516 2888 640 2973 minor,
659 2896 695 2957 et
715 2883 792 2955 veri
814 2888 984 3004 iudicium
1009 2928 1131 3008 maius

20 2985 76 3056 sit.
104 2989 200 3064 Ultro
224 3002 315 3071 enirn
344 3009 505 3096 periculis
531 3031 573 3081 ac
598 3006 862 3083 difficultatibus
892 3039 933 3094 se
955 3035 1126 3127 offerenti

20 3107 232 3190 inevitabilis
258 3133 314 3192 est
341 3127 408 3199 ista
438 3132 603 3224 suspicio.
637 3135 708 3206 Nec
737 3146 888 3206 excusat
920 3166 1126 3250 superioris

20 3239 226 3326 auctoritas,
248 3265 328 3336 quae
352 3251 470 3343 utiquc
498 3256 528 3326 si
549 3258 705 3351 coegerit
724 3276 936 3336 excusaret:
962 3284 1032 3356 sed
1051 3294 1123 3373 Ro,

16 3369 141 3426 manus
163 3360 334 3448 Pontifex,
362 3372 430 3440 etsi
452 3383 483 3444 te
508 3376 566 3448 diu
593 3378 765 3456 fidissimo
791 3392 898 3477 atque
924 3395 1121 3493 officiosis.

15 3470 104 3544 simo
127 3500 212 3550 usus
235 3484 291 3568 sit,
316 3486 396 3560 huic
418 3493 490 3586 ipse
513 3499 654 3576 idoneos
680 3510 816 3579 muneri
839 3511 966 3586 multos
990 3521 1116 3616 haber,

14 3587 129 3683 Atque
153 3603 282 3675 utinam
306 3632 373 3683 nou
396 3624 444 3685 tot
465 3637 599 3709 esseut,
623 3652 712 3722 qnos
733 3631 893 3703 avaritiae
917 3637 1056 3725 stimuli
1079 3680 1116 3740 et

12 3705 115 3784 ssatus
141 3725 337 3803 ambitionis
364 3734 396 3805 in
424 3760 527 3814 omne
552 3754 783 3847 praecipitium
818 3755 1016 3852 impellunt,
1046 3792 1112 3875 qui

169 3846 175 3858 '
413 3861 578 3942 horreant
599 3877 717 3948 rnundi
740 3880 894 3970 plagam,
921 3901 991 3970 (1¹1³
1016 3917 1110 3980 ven-

10 3952 74 4018 tosi
98 3956 248 4042 honores
271 3989 305 4047 ct
321 3985 487 4072 periturae
507 3989 640 4067 divitiae
660 4000 842 4072 adeantur.
862 3999 956 4071 Cede
978 4011 1107 4101 tironi.

8 4064 84 4157 bus,
108 4095 271 4165 veterane
293 4099 416 4191 inclite,
437 4121 472 4180 et
491 4111 648 4190 vicissim
667 4122 716 4193 illi
733 4124 859 4196 cedant
878 4120 950 4192 tibi.
970 4129 1102 4225 Vidisti
