2834 5086
202 719 262 778 {atu
548 727 706 774 arus-‚unx
728 725 944 773 narranaam.

203 874 285 944 tatio
308 871 504 963 nuptiarum
524 867 671 940 nontibi
692 869 824 960 placet?
838 908 881 920 -
896 868 978 938 Mihi
996 865 1166 963 displicet.
1186 869 1282 938 Vana

200 1005 236 1065 ot
268 994 446 1065 ell'raenata
479 991 613 1066 laetitia.
648 988 758 1061 breue
791 989 976 1080 gaudium,
1004 993 1105 1082 longa
1132 993 1279 1074 iactura,

200 1116 368 1189 damnosa
386 1136 561 1219 appensa,
582 1111 639 1183 uhi
659 1109 969 1191 infinitaenormia
981 1113 1150 1206 reperies,
1167 1113 1282 1183 ebrie·

202 1255 308 1326 tutos,
344 1245 522 1336 crapulas,
558 1239 746 1335 ingluvies,
786 1245 964 1322 tumultus,
1003 1240 1097 1323 lites,
1132 1242 1278 1324 scelera,

200 1363 444 1436 bacchantium
472 1368 663 1439 amentium
698 1370 871 1452 fremitus
899 1364 1065 1436 seditiosa
1094 1362 1277 1455 obsequia,

200 1489 443 1563 nauseantium
478 1488 646 1570 vomitus,
686 1489 846 1561 tubarum
868 1500 922 1559 'ao
955 1490 1076 1559 lituum
1110 1486 1279 1557 stridores

199 1608 361 1698 ignams
384 1623 421 1683 et
438 1633 529 1704 qaas
553 1612 644 1683 hand
666 1612 789 1684 dubito
808 1611 918 1683 edidit
936 1611 1038 1681 Pluto
1054 1610 1179 1678 stultas
1197 1605 1280 1677 sah

200 1732 347 1805 sitiendo
371 1734 528 1806 choreas.
557 1737 647 1808 Heu!
677 1759 745 1807 mo·
760 1733 865 1807 taedet
889 1732 1090 1804 ornantium.
1116 1730 1280 1801 -Malta

198 1852 355 1925 ostoudis
376 1857 466 1927 mala
480 1897 525 1929 -r
541 1857 651 1928 Pauca
673 1869 755 1928 sunt
777 1867 937 1948 respectu
969 1873 1091 1924 eorum
1117 1871 1199 1943 quae
1224 1871 1280 1920 re-

199 1985 301 2049 stant.
325 1979 374 2051 llo
395 1977 451 2050 his
471 2000 535 2075 pro
556 2002 658 2052 nunc.

201 2222 357 2323 (liuha,
377 2251 451 2319 otta
482 2240 664 2319 sequuntur
687 2225 914 2296 desiderantur
948 2227 986 2294 iu
1023 2224 1105 2294 libro
1141 2224 1280 2293 Basileoe

300 2349 400 2432 edito,
435 2362 466 2418 et
501 2352 538 2419 in
574 2350 739 2439 superiori
769 2345 985 2418 adnotatione
1018 2368 1040 2413 o
1076 2367 1127 2413 me
1163 2348 1279 2425 citato;

296 2483 414 2541 eatrrut
435 2473 469 2538 in
490 2473 594 2538 altero
616 2467 798 2537 Mediolani
816 2466 974 2557 oalpato.)

196 2703 381 2794 Sed-quid
416 2703 461 2773 de
498 2703 596 2809 liliis?
628 2704 699 2774 Nec
731 2701 897 2784 habendi,
919 2725 985 2774 neo
1005 2703 1145 2797 optandi
1171 2708 1276 2774 sunt?

197 2867 240 2885 -
262 2826 411 2919 aptandi
444 2810 539 2910 artis,
569 2847 636 2897 non
663 2827 758 2896 maai.
783 2827 816 2894 st
844 2825 1081 2900 nuntiationes
1107 2829 1210 2918 pan,
1234 2849 1276 2899 ea

195 2971 289 3033 mors
324 2951 449 3031 carnis,
474 2961 508 3049 et
541 2949 681 3061 animm,
716 2950 873 3042 corporis
911 2950 1067 3036 afflictio,
1101 2951 1186 3021 vitae
1216 2973 1276 3043 op-

195 3073 345 3163 pressio,
374 3054 558 3144 solicitudo
591 3064 750 3155 assidua,
774 3068 1152 3165 laborsuperracuus.
1175 3074 1276 3144 timor

194 3195 360 3277 eximias,
384 3214 467 3285 spes
487 3193 666 3285 ambigua,
687 3216 784 3265 amor
805 3194 977 3287 perditus,
997 3196 1117 3264 infelix
1137 3194 1276 3266 deside·

196 3315 300 3398 rium,
333 3317 691 3417 anoopffisuoqessio,
720 3318 893 3408 ingratum
920 3339 1046 3407 genus,
1068 3317 1188 3388 mortis
1215 3338 1276 3409 pa-

196 3434 410 3508 urnae‘miht
434 3437 504 3529 (sic)
532 3438 668 3510 inhians
693 3441 901 3532 expectatio.
926 3439 1146 3510 Haereditatis
1163 3439 1274 3529 gratia

193 3546 725 3657 cupiunt''hliitpatris'obitum;
752 3561 834 3654 quin
862 3561 921 3632 diu
947 3563 1106 3654 cupiant,
1131 3561 1202 3633 imo
1227 3563 1273 3632 nil

193 3682 290 3753 aliud
317 3693 520 3777 expectant,
544 3692 581 3753 ut
600 3682 795 3753 libertatem
814 3683 883 3753 sibi
906 3682 1091 3754 vindicent.
1109 3683 1275 3755 -Natos

192 3806 471 3901 quamplurimos
492 3805 565 3907 aidi
587 3826 673 3876 voco
696 3804 919 3875 moesrtssima
946 3806 1115 3876 amissum
1141 3807 1276 3895 genito-

194 3953 267 4002 rem
285 3931 411 4002 acriter
431 3930 526 4000 flere.
547 3969 593 3981 -
611 3928 705 3999 Bene
721 3928 941 3998 extrinsecus
966 3925 1081 4010 vides,
1100 3925 1161 3998 sed
1181 3925 1274 4019 quod

195 4057 282 4126 intra
309 4065 433 4146 gerant
457 4054 608 4143 ignoras.
638 4052 804 4121 Simulata
834 4058 917 4119 sunt
942 4050 1079 4119 omnia:
1105 4050 1140 4118 in
1165 4048 1273 4140 patris

194 4179 314 4247 sunere
336 4175 407 4246 nati
429 4176 599 4269 ploratum
623 4173 724 4244 visus
745 4191 825 4242 esse
847 4172 943 4241 scito.
961 4211 1005 4221 -
1021 4170 1073 4239 lra
1091 4180 1126 4239 et
1144 4189 1273 4259 angore

192 4298 385 4392 premeris:
406 4318 568 4393 caussam
590 4296 683 4366 novi.
707 4296 756 4363 lle
777 4292 856 4363 filiis
875 4291 995 4387 pravis
1022 4292 1183 4383 loqueris.
1206 4291 1274 4362 Sod

194 4421 224 4495 si
246 4421 398 4491 illustres
418 4433 454 4490 et
473 4420 620 4490 virtuosi
647 4429 765 4500 erunt,
793 4438 907 4489 noune
936 4424 1070 4521 patrem
1101 4416 1271 4484 famosam

195 4542 361 4621 roaldem?
380 4563 461 4612 nam
482 4543 595 4613 vlrtus
617 4542 651 4611 in
673 4562 713 4612 se
733 4525 881 4632 ipsamet
905 4534 1092 4618 redundat,
1115 4556 1156 4607 ac
1178 4537 1209 4605 in
1234 4557 1272 4608 se
