2834 5086
409 39 1352 277 ..m-5—

164 650 225 713 tao
628 666 790 715 r'nntnnurt

164 824 235 895 que
266 824 415 874 avorum
450 804 666 897 temporibus
696 807 851 898 cogitare
881 806 986 879 etiarn
1011 808 1045 879 in
1070 808 1265 885 eubilibus

166 924 378 1009 timuissent,
399 924 434 996 id
455 924 523 996 sub
541 930 652 998 oculis
674 929 804 999 vestris
824 938 861 1001 et
876 930 912 999 in
933 931 990 1000 via
1007 928 1155 1022 publiea
1175 954 1265 1003 orn·

164 1045 232 1117 deli
264 1057 369 1139 atque
400 1048 630 1121 intolleranda
663 1070 809 1141 prorsus
840 1050 987 1121 andacia
1023 1062 1260 1144 peregerunt.

165 1169 266 1254 Quod
289 1173 406 1241 scelus
437 1169 468 1241 si
500 1170 647 1242 inultum
665 1172 839 1262 linquitis,
864 1184 979 1247 actum
998 1186 1057 1244 est
1079 1170 1127 1245 de
1156 1184 1262 1249 statu

164 1292 319 1386 publico,
345 1303 460 1365 aeturn
491 1291 538 1363 da
567 1293 715 1375 iustitia,
740 1302 857 1363 aetum
881 1293 1035 1385 denique
1052 1292 1100 1365 de
1116 1298 1256 1381 salute,

164 1415 210 1487 de
227 1415 396 1498 libertate,
415 1415 462 1486 de
477 1417 598 1507 gloria.
612 1416 750 1487 Corruit
761 1416 1026 1486 fundamentum
1038 1416 1126 1487 illud
1140 1438 1260 1513 snper

165 1560 235 1629 quo
256 1558 369 1629 usque
389 1534 435 1607 ad
454 1537 570 1609 sidera
588 1536 793 1608 creveratis.
806 1537 850 1607 Et
868 1536 1082 1609 Densbone!
1096 1558 1257 1629 quorum

165 1656 327 1729 manibus
343 1662 534 1729 eversum?
549 1658 675 1748 Magna
696 1678 779 1751 pars
797 1657 928 1730 doloris
947 1669 1003 1729 est
1022 1658 1104 1729 vilir
1124 1672 1259 1735 auotor

165 1779 311 1850 iniuriae.
346 1780 526 1862 Furoiieri‚
563 1780 760 1863 carnifices,
796 1780 966 1852 silvicolae
1001 1781 1112 1851 lerino
1145 1784 1256 1855 sidtu

165 1903 315 1985 assueti,
339 1900 404 1972 sed
430 1902 540 1973 lerino
570 1902 684 1993 magis
717 1912 858 1996 pectore
882 1911 919 1973 et
944 1904 1064 1975 ferinis
1088 1902 1256 1977 moribus

165 2024 226 2092 vix
245 2044 396 2106 carcere,
414 2024 479 2094 vix
495 2023 638 2107 catenis,
656 2032 719 2094 aut
737 2022 881 2095 lunibns
901 2026 1031 2095 vestris
1050 2024 1150 2118 digni
1170 2046 1257 2119 pos-

165 2147 231 2217 sim
253 2148 286 2217 in
309 2147 447 2237 iugulos
469 2155 606 2217 vestros
626 2159 748 2231 ruunt,
775 2156 812 2218 et
843 2146 889 2219 ad
924 2148 1118 2220 satietatem
1145 2168 1255 2221 suam

165 2280 357 2361 pascuntur
377 2267 535 2340 caedibus
560 2281 596 2341 et
628 2269 801 2361 sanguina
833 2269 1064 2341 miserorum:
1090 2272 1257 2363 prolecto

164 2414 344 2483 nunquam
365 2392 431 2462 hoo
449 2392 585 2472 ausuri,
603 2390 671 2462 nisi
692 2393 749 2462 vel
766 2392 800 2462 in
819 2402 938 2463 vestra
959 2390 1122 2482 segnitie,
1142 2394 1204 2465 vol
1218 2394 1254 2467 in

166 2512 241 2583 suis
261 2512 412 2581 latibulis
434 2532 532 2602 spem
555 2512 738 2597 baberent,
764 2534 847 2605 quae
867 2534 964 2606 spes,
992 2514 1022 2583 si
1044 2534 1110 2587 vos
1130 2524 1175 2585 ut
1195 2536 1257 2589 so-

166 2632 245 2705 letis
267 2631 454 2713 vinastis,
482 2632 529 2701 ab
555 2633 649 2703 omni
669 2655 732 2705 eos
755 2646 853 2728 parte
871 2634 1052 2706 deluserit.
1078 2636 1258 2711 Exerenit

163 2772 240 2835 vos,
260 2755 379 2837 fateor,
398 2762 436 2824 et
456 2753 591 2845 impulit
602 2754 665 2826 bis
688 2754 901 2851 temporibus
921 2759 1075 2841 fortuna,
1093 2756 1162 2829 sed
1181 2778 1255 2831 non

166 2874 290 2947 stravit
312 2896 424 2967 neque
444 2873 638 2946 debilitavit
660 2897 772 2967 usque
792 2877 893 2959 adeo,
913 2885 952 2947 ut
971 2896 1101 2968 paucos
1124 2876 1161 2947 in
1183 2876 1258 2951 eir-

164 2999 257 3069 ouito
282 2998 471 3069 saevientes
492 2999 704 3069 latrunculos
724 2998 917 3091 perferatis.
944 3001 1040 3069 Solet
1063 3020 1150 3071 vera
1180 3002 1259 3073 vir·

166 3127 224 3190 tus
244 3130 280 3189 ot
301 3120 427 3190 clarior
451 3140 498 3189 ex
524 3120 739 3192 adversitate
763 3140 1000 3211 consurgere:
1029 3130 1066 3190 et
1094 3119 1126 3189 si
1156 3118 1258 3197 bono

166 3260 282 3311 moros
303 3250 441 3311 vestros
463 3240 561 3321 novi,
582 3261 645 3310 neo
665 3262 722 3311 nra
742 3243 845 3330 longa
865 3240 911 3311 de
935 3238 1036 3311 vobis
1061 3240 1149 3310 tattit
1171 3240 1259 3337 opi-

165 3363 237 3446 nio,
258 3382 324 3433 vos
346 3382 365 3431 a
387 3362 517 3454 Populo
538 3364 693 3432 Romano
715 3384 821 3432 unum
840 3362 906 3432 boc
924 3362 1013 3432 inter
1028 3362 1138 3433 multa
1155 3384 1262 3456 pm·

167 3484 309 3577 cipuurn
342 3495 377 3554 et
410 3484 507 3553 volut
542 3482 785 3555 hereditarium
816 3484 1016 3576 possidetis,
1041 3505 1084 3555 ne
1112 3484 1258 3561 scilieet

165 3608 329 3677 Fortunat
351 3627 416 3677 vos
440 3605 578 3677 deiiciat
596 3616 657 3677 aut
681 3609 820 3697 frangat
844 3607 984 3685 iniuria,
1008 3604 1070 3677 sed
1094 3609 1256 3699 attollat,

165 3730 313 3823 otnuod
335 3727 486 3801 maxime
511 3729 666 3798 virorum
695 3739 762 3809 est,
795 3729 885 3799 inter
916 3729 1139 3800 difficultates
1170 3752 1258 3805 era·

165 3863 263 3922 souin
300 3849 417 3924 animi.
452 3850 539 3921 Hine
573 3848 656 3919 mibi
690 3870 772 3941 spes
805 3870 874 3920 non
907 3870 1018 3944 parva
1054 3846 1255 3925 suboritur.

164 3973 278 4045 dudio
295 3973 386 4045 enim
409 3994 474 4043 vos
493 3993 659 4044 accensos
681 3974 860 4044 atrocitate
878 3971 997 4063 llagitii
1016 3981 1052 4041 et
1071 3990 1257 4061 generosa

163 4093 401 4187 indignatione
428 4095 648 4167 flammantes
673 4093 719 4165 ad
751 4093 854 4165 solita
879 4115 975 4164 arma
1001 4091 1144 4163 iustitia
1163 4114 1257 4165 oon-

164 4218 280 4288 verti:
301 4216 395 4311 qnod
423 4219 453 4289 si
484 4240 608 4291 vorum
640 4229 710 4301 est,
741 4217 859 4287 nullus
886 4236 1037 4308 unquam
1064 4214 1183 4299 loeus,
1212 4226 1258 4289 ut

164 4356 286 4429 spero,
309 4342 403 4413 nulla
423 4364 498 4425 ars,
520 4343 636 4413 nullus
657 4342 908 4411 sceleratorum
940 4340 1040 4411 lavor
1065 4334 1255 4411 bominum

164 4456 209 4529 ab
230 4458 379 4533 infandis
404 4464 603 4537 cervicibus
628 4462 789 4534 meritum
816 4461 1008 4534 iracundiae
1028 4466 1160 4531 vestrae
1180 4458 1257 4529 inl-
