2670 4688
170 299 228 360 uio
509 314 549 362 aa
572 313 672 362 nunus
694 312 915 362 rrururanrnus

173 456 276 527 filius:
302 455 417 525 Omnis
438 457 542 537 lrorrto,
567 456 690 548 inquit,
713 459 770 546 otri
786 455 921 527 conrodit
947 469 976 525 et
1004 459 1081 526 titii
1107 469 1138 525 et
1166 458 1262 528 nider

172 557 291 648 bonum
308 576 347 646 de
365 579 473 648 labore
492 601 567 662 sito,
586 581 644 646 ltoc
657 576 780 647 doniam
794 577 858 646 Dei
869 591 925 649 est.
941 581 1080 662 Rarum,
1098 581 1261 673 inquam,

172 712 206 770 ct
226 701 362 792 insigne
383 701 531 771 donum:
554 702 604 773 sic
623 701 726 785 enim,
748 711 786 772 ut
806 697 950 792 intelligi
971 701 1084 784 datur,
1106 712 1143 772 et
1165 704 1263 794 patri

172 834 207 894 et
233 822 302 895 filio
327 824 442 895 visum
461 835 553 895 erat:
574 824 668 916 quod
690 823 745 894 cui
767 823 898 915 obtigit,
922 826 977 894 ille
998 824 1130 918 gratias
1157 838 1261 915 agat:

173 946 228 1018 cui
250 960 398 1037 negatur
419 949 520 1031 sorte,
543 946 600 1014 ille
622 969 661 1016 se
678 944 816 1039 publica
833 949 1041 1029 consoletur,
1056 967 1172 1037 neque
1187 949 1262 1018 ulla

175 1070 342 1160 singulari
361 1070 484 1141 iniuria
502 1091 539 1139 se
557 1068 716 1137 affectum
736 1068 842 1149 sciat,
862 1090 975 1158 neque
993 1067 1075 1137 illud
1094 1067 1259 1138 eiusdem

175 1193 369 1263 Salomonis
401 1193 529 1263 dictum
567 1190 722 1260 excidat:
762 1188 850 1258 Nam
891 1210 965 1258 cum
1004 1192 1088 1259 alius
1117 1191 1258 1274 libaret,

175 1315 231 1397 ait,
259 1318 295 1385 in
320 1316 481 1406 sapientia
501 1324 531 1381 et
559 1311 709 1380 doctrina
729 1321 760 1378 et
775 1310 982 1381 solicitudine
1001 1313 1128 1381 homini
1155 1315 1261 1383 otioso

175 1439 312 1526 quesita
334 1434 476 1517 dimittit,
505 1445 536 1502 et
561 1434 619 1502 lroc
641 1453 718 1521 ergo
735 1436 868 1503 vanitas
893 1444 924 1502 et
943 1456 1101 1525 magnam
1116 1437 1257 1506 molum.

176 1558 340 1646 llagnum
366 1558 475 1626 iateor
503 1555 567 1627 sed
592 1576 789 1626 commune.
816 1557 866 1626 Tu
892 1578 979 1627 vero
1004 1557 1170 1648 quotiens
1198 1570 1260 1630 aut

175 1689 334 1748 naturam
359 1688 419 1749 aut
445 1678 614 1748 fort-unam
640 1699 808 1750 accusare
832 1681 948 1764 voles,
972 1677 1121 1770 primum
1142 1681 1259 1771 cogita

176 1822 220 1870 an
242 1810 279 1870 tu
300 1802 407 1882 solus,
430 1821 474 1870 an
497 1821 588 1870 unns
608 1819 654 1872 ex
676 1798 827 1871 millibus
853 1803 986 1896 patiare
1006 1798 1179 1893 quidquid
1205 1815 1259 1874 est

175 1944 247 2016 (ruo
270 1923 454 2019 premeriS,
481 1942 525 1992 ne
552 1922 581 1991 si
606 1943 792 1994 commune
823 1924 977 1993 omnium
1011 1932 1072 1993 aut
1103 1923 1264 2015 plurium

177 2049 306 2118 malum
321 2054 386 2128 est,
401 2044 447 2116 ad
466 2044 698 2117 accusandam
718 2045 972 2139 providentiam
989 2044 1144 2116 divinam
1165 2066 1259 2118 unus

174 2171 400 2259 querulorum
422 2166 575 2238 omnium
596 2190 798 2260 compareas
817 2177 1031 2260 procurator.
1050 2167 1094 2236 Et
1109 2167 1157 2238 de
1171 2188 1260 2260 qne-

177 2289 259 2357 relis
279 2290 459 2361 hactenus.
482 2290 536 2362 Ad
558 2289 592 2362 id
612 2312 699 2360 vero
718 2292 813 2383 qnod
835 2291 918 2362 mihi
942 2301 1011 2362 tam
1029 2290 1162 2361 obnixe
1179 2313 1261 2383 gru·

177 2409 244 2479 tias
263 2411 340 2501 agis
360 2415 461 2502 quasi
483 2415 697 2486 fortunarum
717 2415 854 2486 tuaruni
872 2413 1120 2507 propugnatori
1139 2414 1259 2499 unieo,

177 2531 260 2626 quia
278 2554 394 2625 neque
415 2558 532 2608 meum
553 2537 715 2609 meritum
737 2537 857 2609 verbis
880 2539 1046 2621 attollere,
1069 2556 1186 2628 neque
1199 2537 1263 2610 de·

176 2657 327 2750 primere
348 2655 452 2730 fidem
472 2663 594 2746 velim,
615 2662 661 2732 nil
681 2662 775 2733 alind
792 2660 904 2730 dicam
925 2661 992 2730 nisi
1013 2658 1260 2732 Terentianum

177 2779 264 2851 illud
283 2780 316 2850 in
339 2780 492 2851 Andria:

338 2969 442 3082 'sinor
459 2969 535 3096 ania
554 2970 610 3080 nn
623 2917 1019 3095 'ant'ta‘cio'qniaossrtgtgn
1038 3026 1068 3080 et

336 3117 368 3181 ld
384 3122 505 3195 gratum
521 3116 617 3184 luisse
633 3116 800 3180 adversum
816 3120 846 3178 te
862 3115 959 3178 habeo
976 3116 1115 3194 gratiam.

179 3271 268 3345 Vive
287 3284 323 3343 et
343 3276 421 3344 vale
442 3272 550 3344 nostri
572 3293 715 3343 memor.
