2834 5086
165 598 223 655 -llll
624 607 787 657 t'nltlautll

166 762 274 833 super
308 752 341 813 te
371 752 489 813 autem
519 754 600 813 ante
625 741 712 829 alios
733 760 815 832 quae
834 740 916 811 stilo
934 736 1095 833 quolibet
1122 740 1178 813 ad
1204 762 1265 813 me

165 865 296 956 perlata
317 864 537 947 mulcebant;
558 878 685 937 caetera
704 884 790 935 vero
810 862 1007 935 rancidiora
1024 861 1074 933 de
1094 882 1141 933 se
1164 862 1260 957 ipso,

165 987 210 1059 de
242 987 378 1069 amicis,
410 985 455 1056 de
487 987 658 1078 cognatis,
686 985 732 1057 de
757 984 933 1066 affinibus,
958 984 1004 1057 de
1030 984 1259 1067 vernaculis,

165 1107 211 1179 de
230 1107 421 1189 clientulis,
448 1108 614 1200 omnique
638 1107 815 1191 sodalitio,
837 1105 883 1178 de
904 1105 1071 1177 universa
1093 1104 1258 1179 lumilin:

165 1228 252 1320 quid
282 1250 463 1319 germana,
491 1230 576 1322 quid
601 1230 729 1323 neptis,
758 1228 844 1322 quid
868 1226 995 1299 vicinae
1014 1246 1144 1298 omnes
1169 1248 1258 1321 age·

167 1364 264 1430 rent;
292 1363 467 1442 postremo
486 1349 531 1422 dc
557 1350 704 1421 canibus
725 1372 766 1422 uc
787 1349 893 1445 lupis,
919 1349 964 1421 de
990 1350 1093 1421 leone
1118 1350 1253 1443 patrio,

167 1473 210 1545 de
237 1484 306 1544 tola
333 1470 534 1565 Republica,
571 1471 616 1542 de
648 1472 801 1566 praeside
826 1471 1030 1565 provinciae,
1050 1470 1099 1541 de
1118 1470 1255 1563 primo-

167 1595 267 1669 ribus
287 1597 417 1690 populi,
438 1596 484 1667 de
505 1596 686 1668 sterilitate
711 1616 841 1678 annua,
872 1604 909 1665 et
939 1592 985 1663 de
1009 1588 1254 1663 innumerabi-

165 1718 257 1790 libus
275 1718 353 1790 aliis
373 1739 455 1810 quae
476 1720 676 1789 memoriam
699 1720 856 1801 vincunt,
879 1726 919 1789 ut
937 1736 1006 1786 non
1035 1714 1157 1785 minus
1181 1732 1251 1807 ego

165 1862 271 1933 quam
303 1839 395 1931 apud
427 1840 589 1910 Milonem
623 1862 726 1911 suum
756 1840 928 1931 Apuleius
960 1846 1092 1931 posset.
1116 1838 1149 1907 si
1181 1858 1251 1909 uox

166 1971 361 2041 essetnec
395 1960 498 2033 modo
523 1964 764 2034 somnolentus
796 1960 972 2033 balbutire
997 1958 1061 2031 sed
1082 1968 1250 2044 stertere,

167 2092 394 2175 coenatusque
412 2080 496 2152 solis
517 2082 643 2153 labulis
663 2083 819 2155 cubitum
842 2084 912 2165 ire;
932 2082 1017 2154 dum
1037 2102 1122 2153 ecce
1141 2102 1251 2155 cocus

167 2203 377 2298 increpitans
409 2202 530 2275 boram
564 2204 698 2297 prandii
732 2203 881 2275 transire
915 2200 1116 2274 denunciat.
1155 2200 1250 2273 Nibil

168 2328 224 2395 ille
257 2328 462 2407 lentescere,
497 2326 560 2398 scd
593 2328 699 2397 enixe
730 2323 919 2417 quemdam
947 2340 1123 2394 excusare
1153 2316 1252 2415 quud

169 2445 300 2514 litteras
321 2447 366 2516 ad
389 2468 444 2515 me
465 2456 543 2518 tuas
563 2469 652 2537 quas
673 2447 798 2519 alierre
823 2442 994 2515 debuerat
1010 2443 1249 2535 promisisset,

168 2565 283 2634 nuncii
309 2566 485 2635 celeritate
508 2566 656 2649 lortuiti,
687 2566 899 2638 festinationi
925 2576 995 2635 tuae
1015 2562 1251 2635 consulueris.

167 2684 240 2756 Nee
258 2685 342 2757 dum
361 2687 441 2757 talia
458 2686 595 2759 dicente
617 2688 675 2761 illo
695 2688 765 2783 nob!
783 2709 892 2779 segne
905 2684 1140 2777 cerebellum),
1156 2682 1252 2757 subi·

169 2806 228 2879 bat
249 2808 404 2880 animum
432 2808 518 2901 quid
546 2812 705 2903 praesagii
728 2822 845 2891 esset;
881 2810 927 2879 ila
952 2808 1037 2877 mibi
1062 2826 1253 2900 persuase-

168 2954 242 3003 ram
277 2932 374 3002 illum
401 2932 435 3002 in
462 2933 597 3004 somnio
618 2932 784 3005 fabulare.
807 2931 890 3002 lude
909 2952 989 3002 curn
1011 2928 1110 2999 miris
1136 2926 1253 3003 nodis

168 3026 391 3139 obtunderet,
415 3067 451 3127 ut
475 3057 541 3127 iam
564 3055 598 3125 in
621 3054 720 3127 labiis
740 3064 838 3126 esset
859 3052 941 3125 illud
962 3052 1111 3125 Horatii:

326 3246 460 3318 Conflce,
478 3260 611 3323 namque
628 3245 719 3307 instat
736 3242 813 3306 mibi
830 3242 927 3307 latum
944 3242 1045 3315 triste,

167 3420 283 3493 subito
312 3418 557 3511 expergiscor,
593 3417 788 3509 tacitusque
822 3416 972 3511 respicio
997 3426 1035 3488 ut
1058 3414 1129 3488 noti
1155 3436 1251 3491 nova

166 3543 275 3614 lorma
309 3538 393 3625 viri,
417 3549 454 3609 ul
475 3540 597 3631 religio
624 3541 699 3611 sinc
723 3540 864 3625 litteris,
899 3549 937 3610 ut
970 3552 1098 3611 caetera
1129 3542 1251 3615 omnia

166 3685 247 3755 quae
266 3662 422 3755 epistolae
443 3663 671 3733 convenirent
689 3673 770 3747 tuae,
793 3660 966 3755 simulque
985 3661 1030 3733 ad
1053 3682 1108 3733 me
1127 3660 1250 3755 ipsum

166 3784 294 3865 redeo,
317 3794 353 3853 et
372 3804 509 3854 mecum
529 3811 536 3853 :
557 3794 741 3877 possetne
763 3781 793 3855 is
814 3802 895 3853 esse
915 3782 1120 3878 Neophytos
1138 3805 1248 3876 quem

166 3904 251 3973 milri
286 3904 399 3996 pridie
436 3924 535 3975 meus
578 3905 636 3975 ille
670 3903 894 3996 sapidissime
927 3906 1001 3975 sale
1045 3904 1250 3999 descripse-

165 4028 241 4095 rat‘?
264 4026 323 4097 llle
353 4034 409 4097 cst
446 4023 541 4098 baud
578 4024 695 4097 dubie.
733 4026 785 4095 Eu
811 4024 908 4097 rudis
933 4035 968 4097 ct
989 4047 1081 4097 nova
1104 4024 1247 4117 religio.

165 4167 209 4217 en
243 4146 300 4219 illa
331 4146 519 4219 verborum
552 4148 720 4237 largitas:
756 4147 893 4241 singula
925 4146 1161 4229 conveniunt;
1187 4146 1248 4221 ille

163 4276 228 4335 est.
250 4269 345 4339 Talia
366 4271 575 4361 cogitantem
598 4280 716 4342 tantus
741 4270 835 4342 risus
861 4270 1019 4364 arripuit,
1041 4277 1080 4341 ut
1098 4290 1165 4341 nec
1191 4292 1248 4345 ra·

166 4387 266 4457 lionis
288 4392 411 4474 fraeno,
431 4415 494 4463 noc
514 4392 790 4465 commorsicatis
810 4392 943 4483 digitis,
965 4414 1028 4465 nec
1045 4392 1114 4465 ullu
1132 4392 1246 4465 medi·
