2670 4688
293 333 384 380 cluss
407 306 941 391 vlcsslllusuutuvbs-suissuis
966 336 992 382 V.
1115 319 1167 378 '271

93 505 203 596 stigiis
243 502 413 577 incedenti
449 502 720 594 haudquaquam
754 503 890 575 silentio
925 506 1170 600 praetermissa.

91 629 219 699 Verum
242 627 271 696 si
293 623 353 697 tibi
375 625 488 716 palam
511 626 658 715 loquens
681 626 868 697 secretiora
894 625 1055 710 conticui,
1081 647 1174 698 nunc

91 761 206 818 autem
240 745 380 837 quando
410 745 455 816 ad
481 754 513 815 te
541 745 624 815 mibi
651 763 767 818 sermo
791 757 862 832 est,
889 755 1037 839 putasne
1065 748 1173 820 silebo

90 866 185 960 qnod
207 866 398 958 indignatio
418 866 619 959 veritasque
640 868 909 960 suggesserint?
926 869 1042 941 Adeas
1060 867 1171 950 modo,

90 999 125 1061 et
149 987 277 1059 accede
302 988 460 1083 propius,
494 1010 539 1059 ue
563 1010 633 1082 qua
659 1001 805 1061 externa
838 990 933 1060 auris
963 990 1174 1062 interveniat

90 1111 246 1183 sentiens
277 1131 347 1181 non
379 1108 487 1181 nobis
515 1118 656 1182 aetatem
690 1134 807 1182 rerum
845 1121 981 1183 tuarum
1016 1113 1172 1185 notitiem

89 1234 288 1305 abstulisse.
324 1235 460 1306 Testem
489 1255 615 1327 nempe
649 1234 883 1307 certissimum
914 1235 1104 1321 habemus,
1137 1250 1174 1309 et

87 1358 148 1450 qui
178 1358 221 1429 de
259 1357 405 1428 summis
435 1357 522 1428 viris
557 1377 665 1448 agens
698 1376 765 1428 nec
798 1368 894 1428 metu
927 1357 1076 1429 flectitur
1109 1381 1173 1431 nec

88 1479 219 1570 gratia,
254 1478 456 1550 Suetonium
490 1479 740 1570 Tranquillum.
778 1480 810 1550 ls
835 1479 951 1572 igitur
988 1478 1072 1572 quid
1102 1480 1173 1550 ait?

86 1602 268 1673 Avertisse
300 1610 334 1671 te
365 1601 536 1672 Neronem
569 1624 589 1672 a
621 1603 819 1693 cognitione
861 1617 1020 1674 veterum
1058 1614 1172 1674 oralo-

87 1745 181 1807 rum,
209 1744 280 1815 quo
301 1721 432 1794 scilicet
457 1723 562 1794 intui
589 1721 685 1794 illum
711 1722 936 1797 admiratione
961 1725 1093 1797 diutius
1113 1725 1173 1798 de·

88 1844 227 1915 linares.
258 1843 307 1913 llli
340 1844 447 1936 igitur
478 1844 609 1938 pectori
646 1867 749 1917 carus
785 1866 867 1917 esse
904 1845 1083 1930 studuisti,
1116 1849 1172 1918 cui

88 1976 125 2036 ut
166 1963 270 2034 lieres
309 1965 389 2034 vilis
429 1977 466 2037 et
507 1965 668 2037 irrisione
705 1966 834 2059 dignus
875 1966 1076 2051 habereris,
1115 1970 1171 2041 vel

87 2085 247 2158 simulato
272 2098 366 2159 certe
392 2089 447 2158 vel
473 2087 677 2160 inacoersito
703 2089 832 2181 liuguae
855 2090 942 2161 vitio
967 2090 1173 2163 curarede·

88 2209 236 2282 bueras‘?
256 2211 370 2282 Prima
391 2219 446 2282 est
465 2211 685 2283 miseriarum
711 2218 851 2283 tuarum
874 2212 975 2283 radix
996 2210 1042 2284 ab
1066 2213 1171 2283 enimi

86 2330 226 2405 levitate
251 2354 296 2403 ue
322 2332 437 2403 dicam
461 2332 593 2404 vilitate
617 2334 780 2427 profecta.
809 2334 949 2404 inanem
976 2334 1169 2406 studiorum

87 2456 249 2546 gloriam,
269 2456 359 2525 dure
380 2475 509 2538 senex,
530 2455 633 2523 nimis
661 2452 825 2535 molliter,
847 2475 891 2523 ne
913 2430 1037 2524 rursus
1056 2455 1170 2526 dicam

88 2573 276 2666 pueriliter,
299 2573 504 2666 concupisti.
528 2573 645 2664 lpsum
665 2573 760 2664 quod
776 2573 822 2643 ad
842 2572 984 2642 immitis
1007 2575 1073 2644 viri
1099 2596 1172 2645 ma-

86 2673 271 2784 gisterium
285 2715 496 2777 accesseras,
512 2693 615 2764 luerit
629 2697 683 2765 vel
696 2693 798 2763 alieni
812 2692 944 2775 iudicii,
959 2693 1017 2763 vel
1030 2693 1169 2775 erroris,

87 2816 142 2886 vel
166 2816 224 2887 lati
243 2815 452 2912 cuiuspiam,
472 2813 613 2910 quando
630 2814 891 2887 excusationem
917 2836 1073 2887 errorum
1097 2825 1171 2886 stu-

84 2938 218 3010 diosius
240 2962 465 3035 aucupamur,
481 2951 516 3011 et
529 2940 649 3031 culpas
664 2947 803 3008 nostras
816 2939 850 3008 in
865 2938 934 3009 lala
946 2937 1169 3010 reflectimus,

85 3062 157 3132 Hoc
170 3071 291 3132 votum
304 3060 371 3132 hoc
385 3063 504 3155 utique
518 3061 634 3132 iudicii
650 3059 698 3130 tui
712 3060 792 3137 luia
808 3080 876 3131 non
890 3069 990 3152 potes
1005 3081 1170 3131 accusare

85 3187 272 3264 fortunam;
287 3183 382 3275 quod
396 3193 583 3276 optaveras
602 3182 776 3252 invenisti.
795 3181 863 3252 Sed
876 3202 947 3274 quo
961 3181 1104 3274 pergis?
1116 3180 1168 3251 Ah

84 3305 210 3374 miser!
230 3314 414 3397 postquam
428 3306 463 3375 in
477 3304 744 3407 admirationem
756 3303 807 3374 tui
821 3325 991 3374 vesanum
1007 3303 1169 3374 iuvenem

84 3451 127 3500 eo
154 3449 267 3519 usque
292 3426 512 3519 perduxeras
540 3435 577 3498 ut
602 3428 696 3498 nulla
717 3425 885 3498 libertatis
911 3438 972 3499 aut
996 3446 1170 3497 commea-

86 3565 141 3624 tus
168 3551 306 3623 occasio
332 3561 546 3640 superesset,
581 3550 753 3642 numquid
784 3549 1016 3642 aequanimius
1047 3550 1168 3620 saltem

84 3674 155 3766 pati
173 3685 312 3767 poteras
327 3673 447 3765 iugum
468 3671 561 3763 quod
579 3681 702 3763 sponte
721 3671 890 3756 subieras
910 3682 946 3741 et
963 3673 1027 3742 hoc
1046 3674 1167 3743 saltem

85 3809 253 3890 praestare
267 3820 311 3868 ne
328 3794 458 3868 domini
471 3794 521 3865 tui
539 3813 664 3865 nomen
681 3793 935 3867 immortalibus
953 3796 1098 3868 maculis
1116 3796 1181 3867 iu-.

85 3922 255 4012 signires‘l
268 3922 342 3993 Non
360 3918 521 4012 equidem
542 3916 730 4008 ignorabas
748 3918 967 4008 Tragoediam
985 3940 1089 3991 omne
1108 3941 1166 4011 ge-

83 4063 151 4112 nus
169 4043 287 4140 scripti
301 4043 473 4135 gravitate
487 4040 639 4124 vincere,
655 4051 694 4112 ut
706 4039 755 4111 ait
766 4038 885 4111 Naso?
897 4041 993 4111 Hanc
1008 4052 1044 4112 tn
1061 4061 1165 4134 quam

84 4165 304 4249 mordaciter,
342 4189 447 4259 quam
481 4180 670 4246 venenose,
706 4185 810 4257 quam
849 4162 976 4234 acriter
1006 4164 1041 4235 in
1071 4165 1165 4237 illum
