2670 4688
181 216 212 271 'tss
514 228 554 271 ul.
577 226 675 271 tituta.
699 226 921 275 i.tlttl.l.itllttt·.-.

176 374 286 427 turum
311 374 418 429 osset.
448 362 593 448 galeatis
620 362 718 428 lieet:
747 362 851 431 tantis
878 360 1105 431 barbarismis
1128 382 1168 429 ae
1194 380 1258 431 so-

176 490 328 551 loommin
349 496 502 551 armatos
522 484 555 551 in
573 480 701 552 bellum
720 486 803 553 ibat.
824 484 980 574 [lenique
998 505 1107 574 nuper
1124 482 1255 553 librum

174 606 329 673 seribere.
356 604 423 675 snb
449 620 510 675 too
534 606 672 677 nomine
696 620 865 697 cuperat.
891 628 996 698 quem
1017 607 1147 675 utinam
1170 625 1257 675 con-

175 742 386 797 summasset
404 730 586 797 relioturus
606 726 705 797 nobis
729 728 818 798 bane
836 732 933 797 velut
951 728 1077 818 ingenii
1096 728 1152 795 sui
1173 748 1257 818 pro-

173 856 252 921 lem.
263 852 330 921 Scir]
344 872 388 919 an
403 852 615 943 inexpletum
627 850 759 941 Virgilii
772 852 934 941 exemplo
945 850 1095 919 flammis
1106 847 1257 917 damna-

174 980 277 1043 verit.
300 996 344 1043 an
370 996 451 1043 loro
473 976 620 1043 lirnium
642 973 845 1065 Pompilium
868 986 1019 1042 moritus.
1040 971 1146 1041 burno
1165 972 1256 1041 inlo-

170 1100 268 1167 rlorrt.
289 1122 333 1167 an
354 1096 437 1189 rprid
457 1096 502 1167 do
522 1118 565 1167 oo
581 1096 674 1167 aliud
691 1098 803 1187 ogeru
825 1100 1004 1165 incertum.
1024 1094 1152 1163 Triduo
1170 1106 1254 1165 ante

171 1234 316 1291 mortem
336 1224 438 1291 solito
456 1222 586 1290 tristior
603 1219 647 1289 ad
666 1244 722 1289 mo
741 1220 846 1293 venit.
859 1240 1012 1309 eumque
1027 1238 1254 1307 egorausam

171 1348 290 1415 roulati
304 1348 375 1415 oris
389 1346 612 1437 exquirerem
625 1404 631 1427 ,
648 1346 703 1413 illo
716 1346 901 1437 suspirans
915 1372 923 1412 :
949 1372 965 1405 u
997 1338 1107 1417 bodie,
1130 1338 1253 1431 inquit.

176 1502 189 1525 η
218 1468 376 1557 quintum
399 1480 504 1559 atque
521 1470 774 1559 octogesimum
796 1488 927 1537 annum
943 1465 1083 1557 expiem
1100 1470 1256 1553 quantu-

176 1616 189 1645 ι
222 1591 290 1655 lnm
313 1602 414 1681 putas
442 1592 524 1661 vitre
545 1594 729 1683 superest?
752 1590 915 1681 Quinque
935 1591 1053 1659 lorsan
1072 1599 1108 1653 et
1129 1582 1256 1674 viginti

177 1740 190 1767 n
219 1730 329 1778 annos
345 1711 390 1780 ad
408 1710 595 1783 vivendum
616 1712 741 1791 habeo,
767 1713 877 1783 breve
897 1724 1047 1802 tempus.
1073 1734 1089 1767 ι
1105 1703 1254 1777 nobee

170 1850 238 1919 ogo
259 1831 468 1903 subridens:
494 1864 508 1899 r
531 1858 574 1905 ne
599 1835 736 1917 dubita,
761 1838 919 1928 inquam.
940 1831 1082 1923 triginta
1100 1831 1257 1920 comple-

180 1984 193 2011 »
222 1952 286 2021 bis.
313 1984 328 2017 s
350 1957 410 2027 llis
431 1958 565 2028 laetior:
586 1988 601 2019 i
623 1956 716 2028 bene
733 1958 856 2031 babet,
884 1956 1011 2047 inquit.
1040 1953 1126 2023 satis
1144 1962 1213 2023 est.
1235 1982 1251 2015 ι

173 2074 214 2143 tlt
235 2074 298 2143 boo
322 2078 441 2148 dicens
462 2080 560 2161 abiit,
583 2104 645 2151 nec
666 2080 795 2151 deinde
821 2080 997 2148 bominem
1019 2077 1115 2157 ridi,
1138 2096 1255 2167 neque

89 2189 91 2192 ’
169 2198 260 2265 onim
278 2210 336 2265 aut
355 2204 543 2271 moriturus
561 2201 767 2295 apparebat,
784 2213 844 2271 aut
857 2202 980 2271 morbo
995 2204 1178 2293 alioquain
1197 2220 1256 2271 se

170 2320 229 2385 nio
249 2318 438 2392 laborabat.
453 2322 565 2393 donoc
579 2322 636 2393 die
651 2324 752 2391 tertio
771 2323 922 2394 dolentis
935 2323 1165 2413 mirantisque
1184 2319 1256 2391 sub

168 2446 277 2511 instilis
302 2446 459 2513 inclusio:
493 2446 692 2529 inferretur,
721 2468 817 2517 more
846 2448 963 2539 gentis
989 2446 1035 2517 ad
1066 2464 1253 2536 vesperam

170 2566 391 2657 topneliondus
419 2570 452 2636 in
483 2572 688 2643 erastinum.
720 2572 804 2643 Haec
836 2584 906 2643 tam
938 2571 1049 2641 multa
1074 2567 1193 2637 iocose
1216 2566 1253 2635 in

170 2688 311 2759 historia
332 2700 400 2759 tam
416 2692 551 2781 lugubri
572 2698 663 2764 utin
684 2697 852 2765 memoria
875 2696 971 2763 senis
993 2691 1104 2761 nostri
1126 2692 1252 2780 lugeas

171 2810 271 2883 tirriul
295 2822 332 2880 ot
355 2812 480 2881 rideas.
504 2814 562 2884 llle
587 2815 726 2906 quidem
752 2815 808 2883 bis
833 2813 992 2885 moribus
1019 2813 1103 2884 mibi
1130 2813 1250 2883 talium

172 2936 258 3009 intur
283 2936 466 3023 graviores
498 2957 603 3006 ouras
636 2936 855 3017 avidissimo,
892 2936 959 3004 iam
997 2957 1066 3006 non
1099 2935 1249 3005 conviva

174 3068 301 3131 tuntum
322 3056 459 3140 orobor,
485 3070 521 3127 ul
547 3057 691 3139 solebat,
716 3057 779 3129 sed
800 3079 909 3152 prope
930 3058 1117 3129 continuus
1137 3062 1248 3129 lactus

177 3194 258 3257 niul.
282 3182 433 3275 lluniquu
459 3191 675 3251 senectutem
703 3180 780 3250 eius
802 3182 979 3251 ruinosam
1006 3204 1047 3251 ac
1071 3178 1247 3251 labentem

180 3304 267 3377 ouini
289 3328 357 3401 quu
383 3304 477 3377 licuit
502 3324 569 3397 ope
595 3303 763 3375 sustinui:
790 3302 885 3395 quod
911 3316 1108 3375 extremum
1136 3302 1245 3394 potui,

188 3448 251 3501 nun
266 3428 462 3513 ubountum,
480 3426 544 3499 sed
566 3426 740 3518 sepulchri
765 3427 868 3497 limen
890 3427 1076 3500 adeuntem
1098 3427 1246 3497 humen·

193 3544 277 3625 tibur
293 3552 396 3627 oeulis
414 3560 617 3647 prosecutus
639 3568 729 3619 sum.
751 3549 847 3619 Vale.

325 3696 472 3769 liubulam,
488 3696 546 3753 llul.
562 3694 635 3751 ltili.

672 3918 741 3929 -von-
