2670 4688
240 294 332 344 uranu
354 293 519 344 vicusruus
541 294 928 348 succubus-suisium
951 300 991 349 rr.
1101 287 1161 350 129

78 440 172 534 quod
193 450 262 512 tam
280 439 454 513 coniuncti
475 441 601 511 animis
623 441 674 512 sic
694 442 900 535 corporibus
920 455 957 518 et
976 466 1162 520 conversa-

77 563 170 634 tione
187 562 432 654 disiungimur,
448 571 486 633 ut
502 584 614 655 neque
632 572 669 634 tu
686 585 743 635 me
760 587 872 657 neque
889 586 956 658 ego
974 577 1007 639 te
1022 568 1161 642 videam

76 694 326 768 senescentem,
354 706 469 776 nequa
494 685 550 754 vel
578 685 684 755 semel
705 684 910 778 priusquam
937 708 984 757 ex
1005 686 1069 760 hac
1091 692 1162 763 vita

76 829 138 879 seu
153 807 274 879 verius
292 818 401 877 morte
414 805 648 891 discedamus,
663 807 756 877 vivis
769 827 834 879 nos
849 805 995 880 vocibus
1012 809 1160 883 invicem

75 930 286 1022 compellare
312 929 553 1022 permittimur.
581 929 752 1013 Quamvis
771 930 863 1001 enim
884 941 1004 1019 ptest
1026 933 1163 1005 animus

77 1051 289 1143 liberatque
310 1050 346 1121 in
368 1050 489 1142 primis
513 1051 704 1123 amantium
726 1049 872 1123 honeste
896 1051 941 1124 ab
962 1051 1164 1144 imaginario

75 1192 271 1264 congressu
289 1172 395 1243 nullis
413 1171 573 1244 obicibus
593 1193 788 1259 arceamur,
810 1174 972 1266 quamvis
994 1177 1083 1248 inter
1101 1175 1164 1247 bo-

76 1319 141 1368 nos
167 1294 317 1368 amicitia
345 1317 468 1367 recens
493 1318 632 1389 semper
658 1309 816 1381 maneat,
843 1320 907 1369 nec
932 1320 1000 1391 ego
1021 1310 1055 1371 te
1079 1299 1161 1370 mihi

77 1416 196 1502 sciam,
216 1440 281 1488 nec
303 1439 359 1488 me
379 1416 438 1487 tibi
460 1416 575 1488 minus
593 1416 698 1490 bodie
719 1442 838 1490 earum
860 1441 949 1504 rear,
971 1442 1164 1513 quamquo

74 1541 224 1636 primum
246 1540 303 1612 die
324 1540 417 1635 apud
438 1541 570 1631 regiam
591 1541 771 1636 Neapolim
797 1563 859 1634 per
882 1541 979 1613 illum
1000 1564 1084 1615 vere
1109 1566 1163 1617 re·

75 1686 165 1756 gem,
184 1663 242 1756 qui
261 1684 345 1734 mox
365 1665 491 1735 ooelum
513 1663 623 1757 petiit,
643 1663 678 1734 in
699 1663 884 1736 amicitiam
906 1666 1014 1738 vincti
1033 1666 1164 1741 luimus

75 1787 147 1882 (qui
173 1789 326 1879 proiecto
346 1785 413 1856 nisi
436 1785 696 1857 similitudinem
717 1787 869 1880 aliquam
889 1788 1063 1879 insignem
1088 1788 1165 1860 ani-

75 1910 320 1983 madvertisset
342 1909 377 1980 in
399 1908 509 1992 nobis,
529 1931 708 2000 nunquam
731 1919 768 1980 ut
790 1907 910 1982 divino
928 1919 1004 1979 erat
1024 1909 1163 2002 ingenio

75 2031 143 2105 sub
169 2054 275 2102 unum
303 2031 423 2123 iugum
450 2030 604 2123 disparia
629 2033 717 2102 colla
743 2029 941 2102 iunxisset:
972 2031 1038 2103 etsi
1069 2032 1163 2105 enim

73 2154 168 2248 quod
188 2176 292 2227 nemo
317 2153 385 2224 nisi
408 2164 444 2225 tu
465 2156 563 2228 solus
588 2163 709 2246 neget,
731 2175 833 2226 esses
857 2153 932 2249 ipse
957 2152 1159 2238 candidior,

75 2300 181 2348 unum
204 2285 320 2350 tanmu
342 2276 507 2362 studium,
528 2299 599 2350 una
618 2286 718 2362 aetas,
742 2298 833 2349 unus
854 2298 944 2362 mos
967 2300 1037 2350 una
1063 2301 1161 2351 meus

73 2397 161 2490 erat)
175 2398 340 2489 quamvis
359 2397 433 2467 haec
447 2398 587 2490 inquam
604 2398 650 2469 ita
667 2400 748 2483 sint,
763 2421 828 2470 noc
846 2401 951 2470 ullum
970 2401 1005 2471 in
1023 2410 1161 2474 nostros
1197 2390 1200 2395 ¹

78 2519 213 2588 animos
234 2515 290 2584 ius
307 2512 458 2585 habeant
480 2520 555 2586 loca
577 2519 632 2587 vel
656 2526 827 2610 tempora,
848 2522 1022 2604 tamensi
1043 2532 1162 2595 nostra

76 2656 154 2706 sors
181 2635 311 2706 sineret
337 2634 435 2718 mibi,
463 2647 664 2729 pergratum
695 2637 801 2710 credo
833 2639 952 2710 itidem
979 2640 1043 2713 tibi
1066 2651 1162 2714 esset

76 2759 251 2830 interdum
272 2758 377 2830 etiam
399 2781 458 2829 oro
476 2761 563 2829 tueri
587 2772 625 2832 ut
643 2769 700 2831 ost
720 2760 813 2855 apud
833 2763 1023 2848 Maronem,
1045 2772 1081 2835 et
1101 2785 1161 2833 uo

75 2893 124 2952 tas
143 2881 258 2952 audire
275 2904 314 2952 ac
330 2880 469 2953 reddere
486 2906 603 2955 voces:
623 2883 853 2979 vicissimque
870 2909 935 2961 nos
955 2887 1000 2961 ad
1016 2909 1058 2961 ea
1077 2908 1161 2982 quae

73 3015 207 3078 restant
225 3017 261 3079 ει
285 3005 330 3078 ad
356 3005 540 3079 terminum
568 3007 752 3081 cohortari.
778 3008 816 3082 ld
843 3011 872 3083 si
900 3012 969 3084 fato
994 3011 1157 3096 vetitum,

71 3128 167 3219 quod
187 3130 298 3200 vetari
328 3130 449 3223 nequit
469 3130 585 3204 animo
601 3143 636 3205 et
652 3134 862 3224 cogitatione
875 3129 1107 3228 supplebitur:
1121 3138 1160 3199 tu

73 3269 129 3318 me
152 3248 220 3320 tuis
239 3249 428 3336 affectibus,
448 3274 515 3343 ego
538 3265 572 3324 to
593 3256 803 3347 complectar
824 3253 937 3324 meis:
959 3249 1055 3320 nulla
1071 3247 1156 3330 dies,

72 3373 166 3443 nulla
192 3391 279 3453 nox,
306 3375 398 3444 nulla
426 3375 673 3466 peregrinatio,
704 3378 797 3449 nulla
827 3369 1040 3451 lucubratio,
1067 3372 1160 3440 nulla

71 3493 313 3577 contabulatio,
328 3497 420 3567 nulla
434 3497 640 3582 iucunditas,
656 3501 773 3570 nullus
785 3495 895 3577 labor,
910 3493 1007 3563 nulla
1021 3490 1160 3580 requies

71 3618 169 3691 alteri
189 3618 264 3688 sine
277 3618 386 3690 albero
400 3619 623 3711 transigetur.
634 3621 746 3704 Quem
761 3618 887 3689 librum
902 3616 990 3684 alter
1003 3619 1160 3683 nostrum

70 3741 263 3834 arripuerit,
287 3742 373 3812 alter
393 3741 546 3832 aperiet:
569 3740 626 3811 ubi
648 3744 737 3812 alter
758 3740 880 3810 oculos
900 3729 1098 3814 coniecerit,
1113 3736 1162 3804 al-

71 3871 122 3933 tor
143 3863 255 3953 leget:
281 3883 491 3955 quocunque
512 3862 601 3932 alter
627 3860 761 3956 cespite
784 3854 919 3928 sederit
944 3849 1162 3927 assidentem

68 3987 213 4055 alterum
241 3983 404 4056 habebit:
431 3983 594 4077 quotiens
627 4004 748 4054 secum
775 3986 837 4049 aut
862 3996 943 4044 cum
974 3972 1043 4043 alio
1069 3974 1165 4068 loqui

67 4105 172 4198 coepit
188 4105 367 4178 absentem
385 4103 533 4178 amicum
552 4103 694 4177 intentis
712 4097 861 4175 auribus
878 4093 1009 4168 adesse
1025 4101 1169 4189 conspi-

192 4236 224 4272 ιιι,
992 4214 1009 4260 9
