2670 4688
202 205 241 267 54
531 211 573 261 1)ss
593 208 694 263 asbus
714 212 936 263 salutemus

201 353 296 449 quod
311 350 542 423 Mediolanum
563 346 701 423 turbida
724 350 847 423 civitas
872 362 968 425 esset
994 352 1134 425 Helicon
1158 374 1279 437 maus,

201 485 246 553 Et
262 480 329 552 boc
346 479 581 551 amantissime
601 478 755 573 quidem,
778 478 853 563 sed,
875 488 914 551 ut
929 499 1021 565 reor,
1040 478 1124 574 quid
1139 481 1280 555 Medio-

201 606 318 677 lanum
339 611 435 675 esset
449 603 623 686 nesciens,
644 611 679 674 et
698 599 916 673 hauddubie
937 596 1093 694 ignarus,
1106 603 1275 696 qualiter,

201 750 304 822 quam
323 727 449 812 otiose,
467 747 574 821 quam
594 724 717 808 libere,
739 744 843 817 quam
864 723 1031 809 solitarie,
1048 745 1154 818 quam
1175 736 1277 799 tran-

200 852 304 944 quille
335 851 391 924 bie
422 872 549 933 essem,
576 843 793 943 loquebatur.
820 848 891 919 lam
916 856 997 921 ante
1022 848 1274 943 transalpinam

200 996 332 1047 moram
351 996 463 1045 meam
486 971 608 1045 solitus
629 991 698 1041 non
717 967 876 1055 laudare,
889 969 973 1041 dum
984 970 1030 1042 ad
1046 971 1176 1043 loutem
1188 971 1276 1043 Sor-

200 1096 267 1187 giae
290 1095 441 1188 peecutis
466 1092 584 1172 homo,
611 1090 676 1163 sed
699 1091 818 1183 quiete
840 1089 946 1163 animi
978 1112 1088 1186 pmpe
1119 1070 1273 1183 angelus

199 1216 385 1309 degebam,
416 1212 593 1285 admirans
608 1234 770 1305 quaenam
787 1213 865 1285 baee
881 1213 968 1283 Italo
979 1214 1099 1306 praem
1114 1214 1192 1285 erte
1210 1236 1275 1287 uu-

200 1343 319 1433 luptas.
340 1328 457 1408 Verba
472 1335 549 1428 ipsa
562 1343 663 1408 teneo
677 1362 685 1420 ;
700 1336 798 1431 liquit
810 1340 988 1409 aculeum:
1003 1333 1275 1411 dicebatautem

201 1461 278 1532 baee
297 1482 380 1543 uon,
404 1467 442 1530 ul
457 1468 554 1551 puto,
573 1461 790 1554 presagiens
808 1469 932 1553 sponte
945 1481 1009 1531 sua
1022 1480 1060 1531 se
1073 1466 1275 1537 muxexln

200 1580 332 1652 ltaliam
369 1578 615 1673 relegandum,
655 1580 792 1674 sibique
827 1590 896 1655 tam
933 1604 1041 1678 prope
1080 1581 1275 1676 repositum

200 1702 446 1801 Babylonicum
472 1704 652 1790 Helicona,
677 1705 817 1797 dequo
841 1725 912 1776 non
935 1705 1145 1779 uenienturis
1160 1704 1273 1779 inuui-

200 1828 282 1917 bus,
300 1827 363 1902 sed
383 1827 599 1924 experientia
623 1828 761 1913 doctus,
789 1828 821 1900 si
844 1829 1015 1925 quidquid
1039 1829 1152 1901 senno
1175 1830 1273 1925 loqui

199 1974 338 2048 eoepero
362 1952 479 2025 nullus
505 1951 571 2024 erit
595 1948 685 2024 finis.
711 1950 794 2023 blibi
825 1964 942 2025 autem
974 1955 1062 2024 satis
1093 1973 1274 2047 superque

199 2076 270 2149 odii
284 2079 321 2147 in
340 2076 397 2147 illo
417 2074 552 2147 iuiemo
569 2074 740 2147 conflasse
759 2075 828 2146 iam
848 2075 980 2146 veritas
995 2074 1142 2149 videtur.
1157 2074 1275 2151 coeta

64 2230 66 2234 ·
202 2220 282 2269 rum
303 2197 380 2291 ipse
393 2198 427 2267 in
440 2195 518 2269 dies
530 2195 745 2290 experiendo
757 2206 795 2269 et
806 2194 958 2269 videndo
969 2196 1054 2291 quid
1067 2198 1194 2292 egedo
1207 2221 1278 2277 suo

55 2406 60 2417 .
199 2342 291 2391 nune
306 2320 471 2392 Helieone
493 2319 659 2392 tacuerim
676 2319 851 2412 intelliget.
866 2320 911 2391 Et
923 2320 954 2392 si
972 2318 1063 2393 bene
1074 2343 1156 2393 eum
1169 2322 1273 2409 novi,

198 2463 295 2538 saepe
312 2453 348 2515 et
367 2439 492 2515 horum
512 2442 708 2516 meminerit
726 2440 929 2529 verborum,
949 2452 986 2515 at
1004 2442 1275 2536 Neapolitanum

198 2566 306 2638 otium
325 2574 430 2660 atque
449 2567 580 2641 ltaliam
602 2564 792 2664 suspirabit
805 2566 910 2639 ditior
921 2567 1022 2650 lurte,
1042 2564 1107 2637 sed
1122 2587 1276 2661 occupa·

198 2689 264 2760 tior
282 2700 389 2774 uerte,
412 2690 475 2762 sed
493 2691 657 2765 moestior.
676 2690 731 2763 Ob
747 2699 915 2784 quantum
933 2686 1018 2759 mibi
1030 2708 1123 2758 nnnc
1136 2686 1278 2762 invisu-

199 2832 270 2895 rus,
290 2810 320 2882 si
336 2820 377 2882 ut
391 2830 459 2902 ego
474 2812 643 2903 proeellas
661 2830 745 2882 suas
765 2810 848 2881 hine
867 2808 984 2893 video,
999 2810 1050 2882 sie
1062 2810 1136 2903 ipse
1150 2830 1274 2891 meum

197 2931 305 3003 otium
324 2930 472 3016 videret,
490 2940 527 3003 et
544 2952 649 3025 quam
669 2930 756 3002 nibil
780 2938 908 3025 praeter
931 2930 1068 3003 animus
1093 2930 1197 3006 uobis
1222 2932 1277 3007 si·

197 3055 288 3129 mile.
309 3056 453 3127 Salvere
473 3055 567 3126 illum
588 3052 670 3126 iube
690 3056 832 3127 etrele.

338 3205 495 3274 Mediolani,
510 3203 544 3259 V.
561 3201 628 3259 Itius
642 3202 784 3260 Februarii
797 3201 833 3259 ad
847 3218 1000 3277 vesperam.
