2670 4688
127 280 186 342 ιιι
464 298 505 344 ne
527 296 627 345 nanos
649 295 871 345 riumriruous

56 443 61 452 '
126 438 195 508 lum
214 439 270 510 ios
287 437 418 509 babere
429 438 567 511 dicitur:
581 440 618 510 id
630 439 722 525 novi,
737 452 772 511 et
785 441 913 534 stupui.
927 441 989 511 Est
1002 444 1097 512 enim
1110 443 1216 515 haud

123 557 229 630 dubie
251 560 480 652 res‘indigna,
499 561 564 632 sed
580 564 774 633 communis
787 563 884 646 adeo,
904 577 941 634 ut
959 565 1003 634 sit
1020 564 1055 632 in
1073 563 1216 636 talibus

124 681 191 753 iam
213 682 396 754 admiratio
422 685 497 777 ipsa
518 683 697 756 mirabilis.
724 687 766 758 Et
790 685 953 778 quoniam
979 706 1044 756 nec
1069 687 1216 778 longior

124 824 241 877 sermo
261 828 362 878 meus
377 787 443 876 ¹tibi
465 808 569 879 taedio
586 829 666 880 esse
688 809 784 892 solet,
802 818 837 879 et
857 829 913 878 res
930 809 1094 899 exemplo
1110 823 1211 900 eget,

123 929 293 1001 insistam.
315 930 386 1001 Nec
403 932 570 1023 attingam
592 930 669 1000 illos
690 930 747 1021 qui
771 929 969 1024 reipublicae
989 938 1050 1000 aut
1071 931 1213 1002 mititte

122 1049 340 1143 disciplinam
353 1051 432 1123 filiis
450 1054 658 1143 ingerentes,
671 1050 832 1122 omnibus
846 1055 1058 1143 profuerunt,
1074 1061 1212 1143 praeter

122 1195 229 1267 quam
248 1174 376 1268 quibus
394 1188 474 1247 ante
493 1175 579 1245 alios
601 1173 767 1266 prodesse
785 1173 1031 1255 decreverant;
1050 1174 1151 1264 quod
1173 1175 1208 1245 in

123 1297 245 1368 litteris
269 1318 410 1389 quoque
435 1298 492 1366 vel
517 1292 673 1364 crebrius
698 1292 862 1362 evenisse
890 1293 1003 1375 viden,
1024 1291 1092 1364 ¹ubi
1119 1295 1209 1367 illud

124 1419 268 1490 monstri
287 1420 410 1502 instar,
426 1416 520 1509 quod
536 1436 678 1507 perraro
699 1416 825 1484 summi
845 1414 910 1485 viri
929 1414 1021 1486 filius
1043 1437 1208 1489 summus

122 1539 289 1620 evaserit;
311 1540 362 1610 sic
382 1551 505 1610 natura
525 1538 623 1607 vices
643 1538 848 1620 alternante,
876 1548 915 1608 ut
939 1539 1089 1630 quisque
1108 1541 1206 1632 quod

121 1660 227 1730 fuerit
245 1661 318 1730 Deo
333 1656 461 1730 debeat
480 1678 549 1728 non
570 1659 670 1750 patri.
691 1658 836 1728 Possem
855 1659 944 1730 duos
961 1679 1064 1749 reges
1081 1669 1118 1730 et
1130 1661 1206 1734 Cae-

123 1799 222 1853 sares
242 1780 278 1852 in
299 1781 536 1853 testimonium
559 1780 750 1864 adducere,
770 1782 833 1852 sed
849 1803 918 1851 non
940 1794 1052 1854 vacat.
1070 1781 1127 1854 Ad
1149 1784 1205 1856 illa

122 1905 228 1976 venio
260 1926 342 1998 quae
374 1904 496 1976 litteris
528 1903 791 1998 comprehensa,
814 1915 850 1975 et
883 1904 918 1974 in
951 1924 1053 1975 omne
1085 1926 1205 1977 aevum

123 2028 243 2098 multis
268 2028 376 2113 utilia,
398 2025 433 2095 in
466 2025 508 2097 iis
530 2027 617 2120 ipsis
641 2024 771 2118 quibus
798 2025 926 2119 scripta
950 2035 1053 2097 erant
1076 2048 1204 2121 parum

121 2151 200 2220 visa
219 2161 303 2222 sunt
321 2150 448 2221 virium
470 2148 649 2221 habuisse.
675 2147 820 2240 Scripsit
844 2148 1051 2219 Aristoteles
1071 2148 1207 2221 Ethteae

121 2268 229 2340 libros
253 2269 299 2343 ad
326 2271 549 2344 Nicomaoum
582 2271 784 2365 quemdam,
820 2273 895 2344 sive
928 2271 984 2342 illo
1017 2268 1206 2342 scribentis

121 2400 232 2486 pater,
259 2400 299 2464 ut
322 2393 464 2485 quidam
497 2397 644 2479 volunt,
675 2393 807 2466 sireis
832 2391 939 2476 filius,
967 2394 1043 2463 sive
1068 2393 1207 2464 amicus

122 2513 207 2589 mit:
233 2513 322 2587 adeo
355 2517 448 2588 enim
481 2517 565 2589 nihil
592 2519 667 2603 luit,
695 2527 734 2589 ut
757 2515 843 2609 quid
863 2517 967 2588 luerit
986 2515 1205 2585 nuncetiam

122 2637 301 2712 dubitetur
321 2639 412 2711 inter
432 2644 575 2726 multos,
601 2641 766 2734 quamvis
787 2640 908 2710 Cicero
935 2636 1043 2708 lilium
1066 2636 1207 2708 indubi-

123 2771 237 2834 tanter
256 2760 419 2842 affirmet;
442 2767 535 2834 nulla
557 2786 595 2834 re
616 2764 682 2834 alia
702 2783 808 2856 quam
828 2760 940 2831 aliena
968 2771 1071 2831 notus
1100 2758 1208 2831 indu-

124 2883 230 2956 stria:
251 2885 358 2955 immo
374 2906 459 2956 vero
476 2907 520 2956 ne
539 2883 747 2978 sicquidem
767 2892 887 2952 notus:
905 2903 1052 2974 prorsus
1075 2879 1208 2954 obscu-

89 2990 91 2995 ’
124 3028 201 3078 rum
221 3025 358 3089 nomen,
375 3005 472 3099 quod
489 3027 554 3077 nec
569 3005 773 3076 Aristoteles
789 3002 983 3074 illustravit.
999 3002 1148 3096 Scripsit
1157 3003 1205 3075 ad

124 3129 295 3203 Neronem
316 3128 464 3213 Seneca,
481 3135 518 3199 et
533 3127 627 3220 quod
651 3125 831 3207 miremur,
863 3124 902 3195 de
928 3125 1118 3194 clementio:
1141 3125 1204 3217 qui

126 3251 214 3339 liber
243 3262 410 3346 quantum
435 3249 483 3320 illi
509 3248 564 3320 eui
590 3247 789 3319 inscribitur
820 3248 1003 3342 profuerit,
1024 3256 1096 3316 ιοιο
1116 3245 1206 3318 orbe

127 3374 347 3446 notissimum
371 3384 436 3444 est.
462 3370 609 3463 Scripsit
636 3370 819 3441 Eustathio
844 3369 914 3442 filio
939 3367 1138 3439 Macrobius
1167 3369 1205 3439 in

127 3496 326 3569 Ciceronem
339 3493 615 3576 commentarios,
624 3503 659 3564 et
671 3492 903 3564 Saturnalium
919 3491 1037 3562 libros:
1054 3510 1205 3583 operosa

126 3620 316 3692 volumina.
350 3620 388 3689 ln
420 3616 564 3689 alterius
595 3614 797 3708 primordio,
832 3614 1002 3708 quidquid
1034 3612 1108 3706 ipse
1143 3634 1207 3706 per

126 3763 264 3812 omnem
285 3742 394 3814 vitam
414 3740 564 3835 legisset,
589 3747 698 3811 totum
726 3736 796 3808 lilio
816 3760 897 3809 esse
929 3738 1007 3806 vult
1031 3735 1205 3807 doctrine

128 3864 376 3954 supellectilem
409 3873 446 3936 et
476 3863 668 3935 litterarum
701 3882 803 3954 penu.
837 3858 928 3943 Quid
971 3858 1056 3928 vis‘?
1100 3859 1205 3949 lnge-

127 3981 240 4062 nium,
264 3985 460 4072 scientiam,
481 3981 723 4079 eloquentiam,
747 3980 885 4053 labores
906 4001 989 4050 suos
1011 3980 1057 4049 illi
1078 4000 1205 4050 conse·

127 4111 214 4189 orat,
237 4124 549 4202 successoremque
571 4106 667 4178 illum
692 4101 759 4175 sibi
780 4100 882 4195 quasi
903 4101 1202 4174 testamentarium
