2834 5086
166 680 220 745 tut
501 698 541 746 nn
563 698 664 747 tronus
684 697 905 746 rammmmus

164 841 246 930 vigil
271 840 458 926 industria,
478 852 514 913 ot
531 843 620 913 inter
632 840 852 914 difficultates
867 861 983 911 rerum
998 860 1079 911 sese
1104 844 1242 916 animus

163 964 318 1055 crigens,
334 965 469 1059 patiens
483 965 658 1049 laborum,
674 965 795 1057 gloriae
813 976 993 1058 appetens,
1008 973 1244 1059 contemptor·

164 1111 234 1181 quo
256 1088 446 1173 libidinum,
461 1090 582 1183 quubi
606 1112 645 1161 se
666 1088 806 1171 vicerit,
832 1088 931 1159 lacile
952 1089 1109 1160 omnium
1130 1089 1244 1161 victor

165 1211 336 1284 ottioirurt
357 1211 450 1284 ldem
473 1214 548 1306 ipso
570 1214 764 1284 lentescens
786 1211 976 1304 veriusque
996 1210 1138 1284 destitui
1158 1212 1245 1282 inci-

166 1335 265 1430 piens
287 1359 370 1408 mox
391 1335 586 1408 vincendus
607 1334 653 1407 ab
670 1333 833 1406 omnibus
847 1333 880 1404 in
896 1338 1017 1405 luxum
1031 1332 1244 1406 socordiam-

165 1482 233 1554 que
256 1460 457 1543 resoluitur,
491 1458 584 1551 qnod
607 1457 639 1526 in
661 1456 716 1527 his
738 1456 849 1528 tribus
869 1478 958 1551 qaas
977 1456 1137 1550 proxime
1170 1480 1243 1529 me-

168 1584 321 1665 morari,
337 1583 441 1673 inquo
456 1581 523 1650 illis
537 1589 695 1671 quatuor,
710 1601 859 1672 quorum
875 1580 986 1674 primo
1000 1580 1242 1663 memineram,

167 1705 315 1797 aliisquo
336 1726 439 1797 quam
468 1703 626 1795 plurimis
654 1703 773 1794 reguis
796 1724 838 1772 ac
861 1703 1023 1793 gentibus
1046 1713 1244 1798 promptum

168 1840 265 1900 essct
285 1827 488 1910 ostendero,
514 1828 580 1897 nisi
600 1827 681 1918 qnia
706 1837 742 1897 et
766 1829 909 1916 longum
934 1838 970 1897 et
1003 1839 1122 1898 notum
1156 1826 1247 1898 adeo

167 1961 233 2032 εει,
259 1963 296 2023 ut
317 1950 363 2020 nil
385 1950 475 2020 inter
499 1949 658 2019 homines
685 1950 731 2019 sit
756 1949 882 2019 notius.
910 1950 954 2016 Et
979 1947 1057 2019 haec
1081 1948 1246 2021 nimirum

169 2073 223 2142 illa
242 2082 297 2141 est
317 2093 338 2141 a
359 2071 475 2141 minus
498 2069 589 2140 ltono
622 2070 667 2140 ad
700 2071 866 2162 optimum
901 2089 1077 2160 quemque
1111 2070 1246 2161 imperii

167 2214 272 2284 (poam
282 2189 656 2262 dicebamSnllustiana
672 2188 858 2269 translatio,
868 2191 1086 2278 fortunaeque
1099 2191 1245 2261 mutatio

167 2337 246 2385 oum
268 2312 434 2383 moribus
455 2310 568 2380 Prima
590 2309 732 2398 quidem
754 2308 880 2378 victrix
901 2310 1120 2379 exercituum
1138 2322 1245 2399 atque

167 2436 370 2507 enervatrix
394 2432 521 2500 virium
548 2430 726 2520 voluptas,
753 2439 1004 2521 contraquam
1031 2432 1103 2501 sola
1129 2430 1245 2502 virtus

169 2554 296 2622 invicta
315 2562 380 2622 est.
402 2549 468 2630 Qui
490 2549 554 2620 lrac
572 2558 726 2620 armatus
743 2549 789 2618 illi
817 2549 952 2633 restitit,
979 2551 1064 2620 nulli
1093 2551 1245 2621 hostium

168 2693 335 2743 cessurus
356 2673 569 2742 immortales
591 2670 708 2743 titulos
729 2673 824 2743 celso
845 2670 963 2743 fixerit
984 2672 1151 2765 trophaeo.
1170 2672 1247 2743 Scis

167 2796 253 2890 quid
280 2796 394 2891 Scipio
425 2795 519 2889 apud
547 2796 769 2868 Numantiam
799 2795 932 2867 edixit:
956 2806 991 2866 et
1014 2795 1246 2868 clarissimum

169 2923 262 2992 onim
283 2930 319 2992 ot
343 2919 563 2991 notissimum
590 2929 645 2992 ost
669 2920 836 3006 edictum,
864 2944 936 3014 quo
969 2931 1082 2991 scorta
1117 2919 1250 2991 scilicet

170 3048 417 3139 institoresque
442 3055 478 3115 et
504 3045 585 3114 lixae
611 3043 735 3115 castris
761 3044 879 3127 eiecti,
907 3045 997 3128 sive,
1029 3053 1067 3113 ut
1095 3040 1249 3113 breviter

170 3166 264 3257 quod
285 3178 340 3236 cst
364 3165 489 3246 dicam,
518 3166 623 3234 missa
650 3165 813 3256 voluptas
840 3165 1042 3235 inexilium
1069 3163 1250 3255 accitaque

172 3289 285 3357 virtus
307 3287 339 3354 in
362 3285 546 3369 auxilium,
569 3309 610 3355 ac
631 3286 770 3357 virtutis
792 3308 909 3358 comes
922 3288 1090 3358 accersita
1104 3284 1250 3358 victoria

171 3421 235 3481 est.
258 3409 369 3491 Quem
390 3408 545 3478 imitatus
571 3408 605 3477 in
632 3409 792 3479 Numidia
817 3410 977 3480 Metellus
999 3413 1070 3503 pari
1092 3409 1248 3490 consilio,

172 3533 246 3624 pari
268 3531 350 3615 lino,
372 3532 550 3623 voluptate
570 3528 688 3600 itidem
711 3533 878 3622 relegata,
902 3533 1093 3625 nervisque
1119 3530 1251 3602 militiae

173 3656 356 3741 restitutis,
378 3653 423 3726 ad
447 3655 600 3724 Romana
627 3654 729 3744 signa
749 3653 920 3725 insuetam
943 3654 1073 3725 tamdiu
1095 3650 1251 3724 exulanti

174 3780 329 3850 victoriae
350 3779 442 3848 viam
468 3778 557 3847 lecit.
586 3777 721 3849 Nostrae
753 3789 869 3847 autom
903 3777 1035 3846 militiae
1068 3774 1252 3868 disciplina

173 3916 335 3991 quaenam
356 3900 489 3969 sitnon
510 3906 676 3989 expectas
699 3907 737 3966 ut
757 3898 899 3989 loquar:
921 3898 981 3990 qni
1012 3918 1142 3980 mores,
1172 3914 1254 3989 qnae

174 4035 369 4094 castrorum
384 4023 532 4114 specics,
543 4020 761 4112 quaeducum
776 4020 1016 4113 providentia,
1033 4023 1091 4112 qui
1109 4020 1254 4090 militum

177 4144 291 4231 vigor,
314 4164 396 4235 quae
416 4143 596 4214 modestia.
616 4142 691 4212 Non
707 4143 863 4212 virorum
878 4153 992 4213 castra
1006 4155 1108 4234 putes
1122 4138 1254 4233 ingredi

178 4266 238 4335 srd
261 4266 438 4357 lupanaria
465 4266 706 4349 meretricum,
730 4265 962 4357 tabernasqne
990 4288 1186 4358 ganconum
1216 4286 1258 4335 ac

177 4386 343 4476 popinas:
365 4410 477 4481 noque
500 4389 614 4459 hercle
634 4388 733 4460 aliter
753 4399 823 4471 est,
847 4411 962 4482 neque
988 4411 1074 4460 voro
1100 4389 1257 4481 aequani-

179 4510 280 4579 miter
301 4510 382 4580 rino
402 4511 557 4602 quislibet
578 4509 756 4587 liarlrarica
778 4510 896 4580 madet
916 4510 1076 4582 ebrietas
1099 4510 1171 4583 Nisi
1193 4532 1253 4602 po-
