2670 4688
343 270 436 320 uranu
456 270 844 322 vrcusluus-urtsrouh
864 272 926 322 xlv.
1130 258 1169 321 53

102 407 184 478 mihi
208 407 292 480 vitae
316 409 466 482 conditio
492 432 561 481 non
586 410 731 481 molesta
757 411 810 480 sit.
838 408 933 479 Hanc
957 428 1036 479 cum
1061 429 1170 503 prope
1248 428 1251 434 ·

101 531 169 601 iam
182 528 341 603 manibus
354 531 626 625 apprehendisse
644 531 773 615 videar,
787 532 953 625 lectisque
966 531 1170 605 rudentibus

99 654 177 726 vela
195 654 421 747 deposuisse,
445 676 569 726 rursus
591 655 626 725 in
642 657 767 725 fretum
787 674 906 724 vocor.
928 653 1003 724 Non
1023 676 1088 726 vos
1108 678 1171 727 au-

100 774 207 860 diam,
230 777 353 848 amici:
380 775 444 849 sed
469 775 576 848 orabo
601 775 716 870 polius
742 783 779 847 ut
803 773 948 845 dextras
974 774 1169 849 adhibeatis

99 899 216 970 navim
236 897 431 970 subducem
449 899 611 970 molienti.
632 898 757 969 Notum
778 895 939 969 omuibus
956 891 1170 970 desiderium

100 1044 232 1108 meum,
258 1032 338 1094 ante
363 1020 448 1092 alios
473 1021 546 1093 tibi.
572 1021 736 1092 Honestae
761 1019 976 1115 paupertatis
1003 1031 1170 1114 appetens

100 1119 239 1238 semper
258 1144 328 1216 fui:
349 1165 473 1237 nempe
492 1145 608 1214 nullus
632 1143 768 1227 melior,
797 1144 913 1214 nullus
939 1141 1169 1236 tranquillior,

99 1270 216 1340 nullus
234 1268 384 1361 denique
406 1267 509 1339 tutior
528 1267 610 1338 vitae
628 1265 763 1338 modus.
787 1269 868 1338 llaec
888 1266 973 1337 mihi
1001 1266 1170 1340 hactenus

100 1390 371 1484 conscriptorum
393 1400 529 1484 patrum
550 1401 670 1461 saneto
696 1388 822 1460 iudicio
847 1399 974 1479 negata
999 1402 1070 1474 est,
1091 1412 1171 1462 cum

101 1533 196 1605 saepc
215 1511 353 1585 divitias
367 1533 436 1583 non
452 1513 623 1604 negarint.
646 1513 796 1583 Causam
814 1512 900 1595 scio,
927 1511 1075 1605 ideoque
1100 1534 1169 1584 non

100 1636 216 1706 miror.
237 1635 313 1706 Non
332 1656 388 1706 me
408 1635 551 1707 divitem
572 1635 707 1719 volunt,
730 1634 793 1706 sed
809 1632 884 1705 voti
899 1645 1092 1727 compotem
1110 1656 1173 1706 no·

99 1762 184 1831 lunt.
202 1758 343 1842 Parebo,
363 1770 562 1852 sortemque
576 1780 689 1830 meam
704 1759 805 1828 laetus
825 1776 970 1848 sequar:
991 1777 1071 1827 uam
1088 1758 1169 1851 quis

99 1878 278 1951 hominum
297 1880 395 1953 novit
413 1880 499 1972 quid
510 1880 694 1973 expediat?
712 1900 825 1972 coque
847 1900 903 1949 me
919 1876 1060 1948 solabor
1078 1878 1172 1970 quod

100 2000 267 2094 quidquid
287 2024 363 2074 sum
384 2025 447 2099 per
465 2023 527 2074 eos
548 2002 667 2096 ntique
688 2023 757 2074 non
771 2022 849 2073 sum
863 2026 871 2084 ;
886 2002 1026 2093 Denque
1040 2000 1172 2092 gratias

100 2145 212 2216 agam,
233 2124 295 2219 qui
312 2125 446 2218 absque
465 2124 516 2198 eis
542 2125 685 2197 vivendi
710 2134 830 2197 vntum
856 2122 941 2195 mihi
965 2123 1173 2216 potentiam-

99 2269 167 2341 que
179 2248 335 2340 largitur.
351 2249 498 2320 Cessent
509 2247 683 2342 deinceps,
705 2269 767 2320 oro
784 2256 828 2330 te,
842 2245 1015 2328 laborum,
1033 2254 1173 2318 cessent

100 2372 316 2462 repulsarum
328 2390 456 2440 causan.
470 2370 545 2440 Scis
563 2370 630 2454 ubi,
647 2369 717 2441 scis
726 2369 874 2460 qualiter
891 2369 978 2439 mori
996 2368 1169 2460 optabam.

100 2490 193 2571 Quid
212 2488 290 2556 vis‘l
309 2488 344 2555 Si
361 2509 492 2579 pauper
511 2510 590 2559 esse
607 2489 812 2580 nequivero,
831 2488 932 2559 dives
945 2510 1028 2560 ero:
1050 2512 1172 2581 quam·

101 2607 212 2678 visin
235 2605 357 2677 mediis
383 2607 507 2700 opibus
532 2629 720 2701 pauperem
746 2609 869 2699 spiritu
894 2608 941 2678 nil
966 2619 1026 2680 aut
1052 2610 1172 2682 vivere

102 2727 284 2820 prohibeat
302 2729 483 2814 autmari,
502 2749 582 2821 quae
603 2749 671 2800 una
690 2739 876 2824 paupertas
896 2741 932 2801 et
955 2728 1095 2801 habenti
1120 2734 1172 2802 la·

101 2851 175 2922 cilis
192 2863 226 2924 et
244 2849 402 2924 amabilis
422 2853 494 2924 Deo
514 2863 579 2924 est.
599 2853 645 2923 Et
663 2851 708 2923 de
721 2851 821 2924 nobis
834 2852 1016 2925 hactenus.
1029 2852 1171 2926 Zenobii

99 2973 310 3046 adscensum
329 2975 432 3046 laetus
452 2974 582 3046 audivi.
603 2972 692 3046 Amo
711 2974 886 3046 hominem
908 2975 1086 3070 amarique
1104 2998 1171 3049 nos

99 3094 144 3168 ab
163 3095 221 3167 illo
237 3108 353 3168 certus
374 3117 461 3168 sum.
482 3097 642 3169 Gratulor
659 3096 799 3190 quidem
817 3095 901 3183 sibi,
922 3097 993 3169 imo
1014 3119 1082 3169 non
1103 3098 1171 3170 sibi

100 3215 165 3288 sed
183 3217 330 3288 lortnuae
351 3238 437 3302 suae,
459 3239 523 3290 seu
542 3219 660 3292 verius
677 3230 818 3303 nostrae,
841 3221 901 3311 qui
921 3221 1011 3291 iuter
1032 3231 1082 3292 tot
1100 3244 1169 3293 nnn

99 3335 162 3407 Dei
176 3356 244 3407 nou
257 3334 433 3407 bominum
445 3338 590 3422 amicoS,
606 3362 712 3411 unum
731 3341 853 3411 saltem
866 3338 1071 3412 babebimus
1084 3342 1170 3412 ami-

100 3479 201 3530 cum:
225 3456 291 3528 sibi
310 3478 395 3528 vero
415 3461 604 3552 compatior
623 3470 659 3530 et
677 3462 798 3546 lllnsis,
816 3482 897 3554 qnae
911 3463 977 3532 tale
991 3463 1168 3554 ingenium

100 3602 168 3651 non
189 3579 302 3650 dicam
322 3579 480 3671 perdunt,
495 3580 558 3651 sed
573 3604 652 3653 oum
672 3581 825 3674 indignis
845 3582 1064 3654 consortibus
1089 3607 1170 3677 par-

101 3705 241 3774 tiuntur.
261 3703 365 3772 Plane
384 3702 505 3785 fateor,
527 3724 702 3775 crumenae
724 3708 780 3776 ille
804 3707 990 3788 consuluit,
1019 3707 1081 3778 sed
1105 3731 1169 3781 nec

100 3829 216 3912 lamae,
239 3847 301 3897 nee
321 3824 418 3908 vitae,
441 3834 479 3895 ut
497 3845 657 3916 auguror,
680 3829 872 3920 necquicti.
895 3828 939 3898 Et
959 3829 1003 3898 ch
1020 3832 1169 3922 qualiter

100 3961 183 4021 eunt
203 3951 277 4019 res!
300 3949 375 4018 Nou
395 3951 539 4018 multum
562 3956 697 4041 tempus
719 3951 886 4041 estquod
907 3951 980 4045 ipse
1002 3951 1084 4023 mibi
1100 3957 1169 4027 lra-

101 4083 198 4145 terue
215 4070 434 4157 condolebat,
458 4092 581 4165 meque
602 4068 833 4164 praedulcibus
854 4075 982 4148 aculeis
1004 4076 1165 4169 urgebat,
