2670 4688
565 290 718 341 aristosa
740 292 799 340 tit.
1150 280 1210 341 tot>

134 455 280 524 quorum
303 433 369 504 alia
390 432 425 504 in
446 432 558 517 nobie,
580 433 648 505 alia
665 443 768 505 extra
788 454 853 505 nos
873 442 965 504 sunt.
981 435 1111 506 llurum
1126 454 1211 507 sane

134 556 180 627 ita
199 576 337 640 censeo,
356 556 421 626 nisi
443 554 546 626 ardor
566 555 672 639 desit,
695 557 741 625 nil
762 564 820 629 tuo
836 555 909 628 otio
924 552 1063 639 deesse,
1083 576 1155 649 quo
1167 577 1211 628 ne

133 676 245 746 dicam
267 675 366 757 milri,
393 675 455 747 sed
482 674 639 749 Ciceroni
662 674 765 747 etiam
793 674 949 748 scribere
968 674 1083 768 possis
1104 675 1211 755 intre·

134 797 223 890 pide.
253 797 329 867 Noli
359 815 445 887 ergo
471 794 672 868 diffidentiae
706 794 953 881 succumbere,
986 816 1067 889 quae
1092 797 1209 868 multis

134 939 227 1008 saepc
247 916 445 987 damnosior
471 917 543 987 luit.
576 915 773 987 Diffidentia
796 917 887 986 enirn
904 926 963 987 aut
977 914 1059 985 nihil
1082 937 1210 1007 aggre-

132 1037 232 1119 ditur,
255 1047 315 1107 aut
336 1046 405 1106 tam
425 1036 553 1129 pavide
579 1044 617 1107 ut
632 1056 802 1130 processu
832 1035 957 1126 frigeat
981 1057 1021 1104 ac
1046 1035 1208 1107 desistat.
1306 1127 1311 1133 .

131 1160 176 1229 At
189 1180 245 1229 rus
259 1159 387 1230 arduas
402 1179 505 1250 aequo
518 1159 707 1230 ferventius
726 1179 897 1249 aggressa
919 1157 1097 1227 temeritas
1114 1178 1210 1250 saepe

131 1279 388 1357 difficultatibus
410 1288 637 1373 temperatur,
653 1288 688 1349 et
708 1301 787 1349 curn
807 1279 865 1349 illa
885 1277 981 1361 nihil,
1004 1277 1082 1350 haec
1103 1278 1211 1363 inter·

131 1403 212 1472 llum
231 1402 414 1498 impetuosi
436 1401 592 1495 principii
612 1410 768 1473 maturos
790 1399 885 1473 dedit
901 1400 1028 1471 exitus.
1051 1401 1208 1494 Denique

131 1527 181 1595 sic
202 1524 313 1597 sentio
334 1524 419 1594 nihil
437 1523 537 1617 peius
558 1522 748 1594 diffidentia
769 1523 825 1594 his
842 1521 900 1615 qui
924 1521 1057 1615 grande
1077 1522 1209 1616 aliquid

131 1648 330 1729 moliuntur,
351 1646 385 1715 in
406 1643 533 1739 quibus
554 1647 760 1739 plerumque
780 1667 903 1717 vorum
922 1643 961 1714 lit
977 1646 1206 1737 virgilianum

129 1766 214 1839 illud
231 1770 457 1858 possuntquia
465 1788 560 1858 posse
577 1764 743 1836 uidentur.
764 1764 852 1837 Hinc
868 1767 937 1837 iam
958 1764 1005 1837 ad
1024 1766 1207 1860 epistolam

129 1898 285 1958 revertor
306 1896 400 1957 tuam
415 1886 532 1979 inqua
553 1887 601 1957 nil
622 1886 782 1980 responsi
802 1907 929 1976 egens,
951 1897 1081 1980 praelcr
1100 1908 1209 1958 unum

127 2008 241 2079 video.
261 2007 387 2101 Scripsi
399 2006 559 2101 equidem
576 2031 631 2080 me
643 2008 737 2081 curis
749 2009 909 2102 pluribus
929 2010 1206 2081 circumventum

128 2140 162 2200 et
180 2128 395 2200 miseriorem
418 2152 522 2221 quam
545 2150 626 2201 esse
648 2151 702 2200 me
723 2150 915 2200 noscerem.
931 2128 1059 2221 Scripsi
1082 2131 1205 2212 lale0r3

131 2261 166 2320 tu
186 2248 323 2320 miraris
344 2269 495 2341 quonam
518 2248 620 2321 modo
641 2248 676 2320 id
695 2248 864 2344 possibile
885 2248 944 2333 sit,
971 2249 1005 2318 iu
1029 2248 1095 2321 boc
1112 2258 1208 2320 tanto

126 2383 266 2462 tamque
287 2368 547 2464 incomparabili
570 2368 696 2441 decore
719 2371 814 2442 urbis
836 2369 1077 2463 amplissimae,
1102 2370 1207 2462 inque

127 2492 194 2560 bac
215 2501 284 2560 tam
307 2488 494 2560 honorifica
512 2490 613 2561 ducis
634 2512 675 2561 ac
694 2512 876 2582 procerum
891 2489 1131 2572 familiaritate,
1145 2491 1205 2581 qui

128 2632 194 2693 rue,
216 2619 253 2680 ut
275 2609 458 2681 verissime
482 2610 651 2702 opinaris,
677 2632 748 2683 non
771 2632 873 2704 quasi
899 2609 1075 2681 hominem
1093 2611 1206 2681 omnis

125 2754 274 2824 egenum
308 2743 412 2825 atque
436 2732 572 2825 inopem
599 2733 754 2817 virtutis,
790 2732 854 2805 scd
888 2742 925 2803 ut
950 2733 1038 2803 coelu
1059 2732 1207 2803 missum

125 2858 286 2947 angeium
309 2856 370 2927 Dei
400 2855 529 2927 vident.
557 2858 653 2927 Hunc
680 2854 785 2926 animi
818 2853 1066 2947 aegritudinem
1101 2864 1207 2946 atque

125 2978 225 3062 lianc,
243 2998 475 3070 quaecurnque
496 2988 559 3061 est,
578 2999 742 3051 curarum
754 2977 923 3050 sarcinam
942 2988 980 3049 ut
996 2986 1108 3047 tecum
1127 2996 1207 3069 par-

126 3100 191 3170 tiar
211 3100 372 3191 precaris.
393 3099 492 3184 Novi,
515 3101 633 3185 amice,
657 3109 736 3172 tuos
754 3099 936 3182 humeroS,
959 3108 1100 3189 tuaeque
1121 3092 1203 3167 lidei

126 3243 253 3292 nervos
274 3222 371 3306 novi;
401 3221 515 3292 omnia
542 3224 607 3293 lert
630 3223 771 3302 caritas,
795 3242 858 3291 nec
880 3231 995 3291 tamen
994 3216 1207 3331 participat

124 3343 189 3416 sed
210 3341 355 3415 libenter
374 3365 417 3414 ac
432 3343 557 3437 cupide
578 3342 749 3437 quidquid
761 3351 818 3412 est
831 3341 949 3419 oneris
961 3302 1206 3571 rog&

123 3469 199 3536 lert.
220 3465 402 3537 lllibivero
412 3465 625 3561 ,ponchanc
644 3462 910 3547 solicitudinem,
934 3444 1025 3537 nihil

123 3587 218 3666 cidit
243 3586 309 3657 nisi
331 3586 416 3658 illud
436 3586 555 3681 quod
546 3609 613 3659 ram
635 3608 704 3657 uon
725 3594 763 3656 ut
779 3606 910 3657 novum
925 3558 1074 3663 ιιιᾶὶῧὲ,
1056 3578 1205 3655 Glinctis

123 3708 214 3778 cuim
236 3709 345 3778 ferme
377 3706 571 3792 veteribus,
605 3729 646 3779 ac
677 3706 739 3779 diu
763 3705 920 3800 probatis
942 3692 1132 3817 amicitiis-
1125 3702 1204 3797 buc

122 3837 294 3923 tempore,
293 3822 411 3923 quod
431 3829 562 3902 utinam
584 3850 653 3901 nou
673 3828 842 3901 vidissem
850 3846 943 3913 ,eme
967 3849 1003 3899 m
1046 3847 1065 3903 s
1087 3826 1205 3897 invida

123 3954 295 4045 spoliavit.
317 3954 564 4048 lnquaquum
568 4004 661 4024 ........
684 3971 751 4023 non
774 3947 931 4036 levabar,
961 3846 1071 4019 unbm
1092 3968 1204 4019 reme-

123 4072 171 4144 ‹lii
186 4096 300 4166 genus
322 4077 398 4170 ipse
424 4074 506 4148 mibi
534 4073 681 4158 conflari
708 4082 813 4163 atquc
831 4092 895 4143 usu
923 4071 1048 4144 ellicax
1069 4070 1199 4166 reperi:
