2670 4688
552 304 705 355 enrsroua
730 305 804 353 xxrr.
1160 287 1216 347 357

137 451 232 546 quod
259 471 301 520 ne
330 449 464 540 pridem
498 447 673 541 acceperis
707 467 776 516 non
794 466 883 527 mea,
913 445 976 517 sod
1010 445 1219 538 scriptorum

139 578 241 666 culpa
262 581 329 653 est,
356 566 506 663 quorum
528 588 667 661 semper
687 565 823 637 insidiis
844 587 885 637 ac
909 566 1092 639 fraudibus
1110 567 1218 660 patui,

140 699 245 767 bomo
275 696 434 767 incautus
460 693 683 782 intentusque
709 689 808 761 aliis:
837 687 1029 760 studiorum
1063 710 1221 762 meorum

140 819 272 890 iactura
293 837 361 886 non
383 815 512 885 ultima.
531 814 581 884 lta
603 832 699 904 saepe
725 832 869 883 numero
902 831 1027 903 meque
1054 831 1223 904 measque

142 959 213 1021 res,
242 937 376 1006 reculas
400 934 518 1005 dicere
550 932 740 1015 debebam,
770 933 905 1025 negatis
933 921 1049 1025 'pactis
1082 935 1223 1004 auxiliis

143 1055 376 1136 retardarunt,
397 1062 433 1124 et
449 1051 493 1124 ad
514 1053 673 1145 proprios
693 1063 817 1125 cuncta
840 1053 1006 1145 digitulos
1035 1053 1222 1145 redegere,

143 1197 224 1268 qoae
249 1178 333 1247 mibi
359 1179 415 1247 vel
448 1198 517 1247 non
538 1176 836 1267 attingendorum,
866 1177 921 1247 vel
948 1175 1223 1249 deserendorum

145 1300 295 1392 plurium
320 1319 428 1370 causa
462 1298 535 1368 luit.
571 1299 746 1369 Hactenus
781 1300 865 1369 baec.
899 1298 985 1370 Nam
1013 1299 1224 1395 operosioris

144 1422 274 1512 vigiliae
288 1421 426 1491 labores
446 1441 510 1490 nec
535 1420 740 1513 promisisse
759 1420 820 1492 tibi
841 1420 962 1504 velim,
986 1442 1223 1514 neeoegasse.

143 1544 294 1614 Primum
316 1542 395 1614 ideo
414 1543 497 1634 quia
524 1541 637 1613 sentio
670 1540 774 1613 fidem
810 1564 921 1614 meam
958 1542 1023 1614 bae
1058 1545 1095 1634 in
1128 1552 1226 1636 parte

143 1677 353 1758 suspectam,
368 1685 411 1735 eo
424 1663 518 1756 quod
532 1663 665 1735 dudum
680 1664 852 1758 promissa
866 1664 1077 1736 distulerim:
1100 1687 1226 1738 seeun-

143 1788 226 1856 dum
240 1785 334 1878 quod
357 1807 419 1856 nee
436 1785 502 1855 viri
516 1785 607 1869 boni,
624 1808 688 1857 nee
708 1785 808 1856 amici
828 1785 976 1859 arbitror
996 1788 1096 1859 aliter
1117 1811 1223 1880 quarn

145 1909 180 1977 in
205 1909 320 1979 animo
341 1907 473 1979 habeas
491 1907 595 2001 loqui.
621 1907 734 1978 Unum
757 1905 822 1978 boc
840 1907 1082 1980 dissimulasse
1106 1912 1226 1982 nolue-

145 2033 228 2120 rim,
255 2031 417 2122 quoniam
450 2030 494 2101 de
528 2029 708 2122 stupendis
742 2031 871 2100 amoris
896 2029 1077 2102 effectibus
1111 2053 1226 2104 sermo

142 2161 329 2246 susceptus
346 2165 400 2223 est
420 2151 537 2236 nobis,
561 2152 679 2222 mirari
701 2174 757 2222 me
774 2152 859 2245 quid
881 2152 936 2225 hie
955 2153 1080 2224 iterum
1103 2154 1151 2225 rei
1173 2167 1227 2226 est

142 2275 235 2368 quod
262 2275 346 2344 milri
373 2285 441 2345 tam
470 2276 568 2345 lacile
596 2286 774 2367 poetarum
802 2276 894 2368 regis
932 2277 1068 2348 titulum
1103 2278 1148 2350 de
1174 2279 1226 2350 in·

142 2397 316 2469 exhausto
352 2397 507 2468 caritatis
536 2409 571 2467 et
597 2398 822 2489 indulgentiae
854 2411 923 2471 tuae
953 2404 1047 2471 lonte
1073 2402 1224 2491 largiris,

142 2520 242 2590 cuius
265 2520 311 2588 roi
336 2528 493 2590 sanctum
520 2519 614 2589 bunc
639 2528 744 2610 atque
777 2518 942 2591 devotum
969 2521 1145 2592 hominem
1177 2533 1228 2593 te-

144 2653 231 2712 stem
260 2639 361 2722 dicis‚
387 2641 446 2732 qui
475 2639 510 2710 id
536 2637 618 2709 mibi
644 2662 849 2730 cognomen,
880 2640 934 2709 bis
970 2643 1002 2710 in
1030 2643 1114 2712 loeis
1147 2665 1227 2714 esse

144 2763 349 2835 narraverit.
372 2763 480 2856 ldque
508 2785 613 2855 quam
641 2762 767 2854 cupide
792 2783 834 2831 ac
859 2761 1009 2833 scienter
1038 2766 1227 2858 arripueris

145 2886 303 2978 epistolae
330 2896 400 2956 ture
423 2885 668 2978 superscriptio
685 2895 720 2956 et
741 2882 819 2955 finis
838 2883 1002 2968 indicant,
1022 2887 1122 2979 quasi
1143 2909 1230 2960 vero

146 3031 212 3080 uon
247 3008 388 3080 cuilibet
422 3008 513 3080 idem
543 3010 696 3080 narranti
735 3009 808 3102 pari
843 3008 1004 3081 facilitate
1029 3009 1229 3081 crediturus

146 3129 264 3198 tueris.
284 3130 470 3201 Enimvero
490 3129 639 3221 primum
658 3130 729 3214 tibi,
745 3131 867 3212 amice,
882 3153 985 3223 quem
1007 3131 1230 3224 passionibus

146 3248 348 3341 expeditum
372 3251 405 3320 in
428 3252 522 3322 omni
549 3273 634 3323 vero
660 3252 787 3324 iudicio
807 3253 892 3323 nulli
914 3252 1106 3324 secuudum
1129 3253 1229 3339 laeio,

147 3370 234 3439 meis
255 3367 290 3440 in
308 3370 413 3440 rebus
433 3382 601 3463 quantum
622 3371 702 3442 fidei
725 3373 784 3457 sit,
808 3375 837 3444 si
859 3375 905 3446 ad
930 3375 1091 3468 teipsum
1119 3374 1229 3462 rediS,

149 3491 337 3582 intelliges3
364 3492 490 3565 deinde
512 3493 605 3567 bunc
627 3506 749 3567 testem
772 3496 817 3569 de
843 3519 881 3568 re
903 3496 969 3567 sibi
992 3497 1164 3588 incognita
1183 3500 1233 3571 lo-

147 3625 265 3684 cutum
288 3613 376 3684 seire
394 3614 579 3700 debueras,
602 3629 639 3688 et
658 3619 781 3703 scires,
804 3619 871 3689 nisi
898 3637 1088 3711 persuasor
1113 3632 1233 3712 poten·

151 3737 306 3805 tissimus
328 3756 427 3806 annor
447 3736 674 3830 obstreperet.
694 3739 768 3810 Non
790 3741 949 3831 equidem
970 3750 1100 3811 tantum
1115 3763 1232 3833 prona,

150 3859 211 3930 sed
234 3881 390 3954 praeceps
412 3861 456 3931 ad
482 3861 747 3932 delectationem
768 3873 823 3931 est
849 3863 1000 3932 bumana
1026 3864 1230 3948 credulitas,

150 4004 229 4053 cum
248 3984 292 4055 ad
310 3985 521 4055 eontrarium
544 3983 644 4076 pigra
665 3985 720 4054 sit.
743 3984 865 4055 Cernis
888 3995 926 4055 ut
946 4007 1064 4057 amara
1082 3989 1234 4079 fugitans

150 4128 371 4200 quocumque
388 4130 463 4180 eam
482 4106 595 4177 duleis
620 4106 745 4198 aliquis
768 4128 886 4180 rumor
906 4118 1018 4191 vocat,
1043 4123 1148 4181 vento
1175 4132 1235 4180 re-
