2670 4688
183 291 243 350 ‘tto
641 294 802 343 vauiaauu

183 447 297 535 quiet
318 444 393 535 ipse
414 442 575 513 dominus
597 462 698 510 meus
722 450 797 510 erat
816 436 1115 528 benignissimus,
1138 440 1288 510 misera-

182 565 285 636 bilem
313 588 434 637 casum
468 587 533 634 non
560 563 606 633 lui
637 583 748 633 ausus
778 561 811 630 in
846 561 955 632 literis
981 560 1064 631 eius
1093 562 1284 653 attingere.

184 689 271 758 Heu!
296 688 382 761 satis
405 686 538 779 absque
556 685 612 754 illa
633 705 725 755 nunc
750 684 949 754 accessione
970 682 1182 773 gemituum
1200 693 1283 754 erat.

688 922 765 929 ——-..

603 1156 779 1220 nrtsrota
802 1155 834 1217 V.

231 1325 425 1374 r'ttanctscus
447 1321 616 1370 rnrnattca
638 1320 807 1370 nicolusio
827 1320 1068 1371 nanrrtonoltffl
1091 1323 1233 1374 tunensi

679 1421 704 1467 S.
728 1419 755 1466 P.
779 1420 808 1466 n.

292 1558 461 1611 Litterarum
475 1571 575 1626 quasa
589 1555 692 1608 Senatu
707 1554 865 1624 populoque
881 1551 1044 1608 Florentino
1060 1557 1191 1626 recepit,

443 1651 470 1699 et
485 1645 676 1715 responsionis
690 1661 748 1698 suae
763 1643 847 1699 mittit
861 1643 1014 1714 exemplar.

282 1883 424 1955 Amicus
445 1895 565 1954 noster
584 1882 794 1962 communis,
816 1901 886 1974 quo
904 1878 990 1950 nihil
1011 1876 1169 1965 fidelius,
1193 1881 1272 1952 nihil

186 2015 400 2098 potestesse
422 2007 609 2086 sincerius,
633 2026 728 2099 saepe
753 2002 933 2075 admonuit
952 2013 991 2073 ut
1010 2006 1161 2094 nemeis
1187 2007 1273 2078 litte

186 2130 234 2196 ris
256 2128 444 2198 visitarem.
473 2126 653 2196 Excusavi
683 2147 775 2195 nunc
806 2125 1070 2216 occupationum
1093 2129 1271 2200 variarum

188 2248 322 2319 turbam
348 2247 475 2318 adesse
495 2247 678 2328 dictitans,
707 2269 799 2318 nunc
820 2245 992 2318 scribendi
1014 2245 1147 2320 deesse
1171 2261 1275 2322 mate·

187 2373 283 2441 riam.
315 2369 415 2442 Nunc
442 2381 557 2441 autem
582 2370 797 2441 occasionem
825 2378 962 2451 nactur,
989 2390 1094 2440 omne
1116 2394 1273 2444 mearum

185 2495 452 2566 excusationum
473 2493 620 2567 dimovit
651 2494 884 2577 obstaculum,
913 2503 1034 2586 petens
1065 2503 1103 2563 ut
1132 2495 1273 2568 Floren-

187 2619 247 2688 tini
270 2619 420 2690 Senatus
443 2619 574 2689 litteras
595 2616 820 2690 humanitatis
833 2615 989 2698 eximiae,
1005 2635 1099 2687 novo
1119 2619 1272 2710 quodam

184 2752 220 2812 et
240 2741 379 2810 insolito
405 2751 440 2810 et
465 2740 619 2811 inaudito
640 2763 769 2831 genere
796 2737 953 2819 honoriS,
980 2735 1161 2831 publicum
1189 2763 1273 2833 erga

186 2885 243 2931 me
265 2873 431 2929 testantes
452 2861 612 2930 affectum
638 2862 696 2931 tibi
718 2862 908 2945 mitterem,
937 2859 1121 2931 commoda
1148 2873 1186 2935 et
1213 2862 1274 2936 ho

185 3000 288 3049 nores
319 3000 414 3049 meos
443 2981 712 3069 praecordialiter
741 2983 920 3073 gavisuro.
955 2984 1066 3074 Digna
1100 3007 1160 3058 res
1193 2988 1273 3060 visa

185 3112 251 3184 est,
267 3102 385 3193 inqua
403 3101 468 3170 sibi
492 3123 622 3173 morem
645 3126 815 3196 gererem.
838 3106 936 3177 Mitto
958 3108 1061 3198 igitur
1078 3117 1114 3177 et
1132 3110 1273 3182 illorum

112 3211 116 3217 ⁶
186 3226 366 3316 exemplar
379 3205 546 3315 epistolae,
565 3235 600 3294 et
620 3228 780 3322 responsi
802 3227 878 3310 mei,
900 3229 1275 3324 utintelligasquanto

187 3346 301 3417 adhuc
317 3357 413 3416 esset
434 3346 466 3415 in
483 3348 593 3439 pretio
609 3371 695 3419 vera
721 3352 845 3433 virtue,
863 3350 890 3420 si
906 3373 1053 3444 usquam
1072 3367 1273 3447 appareret,

187 3468 326 3560 quando
352 3470 475 3540 salsum
502 3469 579 3541 eius
600 3492 726 3543 nomen
748 3495 820 3545 non
841 3473 1042 3567 despicitur.
1065 3474 1162 3546 Vale.
