2670 4688
252 299 343 346 hlauts
365 298 904 356 vlesstuusobaauus.—spissata
929 304 955 348 l'.
1088 290 1148 350 2'13

65 448 121 515 tali
142 455 258 529 aetate,
281 455 375 520 tanta
402 462 517 517 rerum
542 446 759 538 experientia
787 469 828 517 ac
857 448 1024 518 doctrina.
1054 447 1146 530 Quid

63 568 156 639 enim
169 588 241 650 oro,
257 565 317 638 tibi
332 566 461 663 placuit
471 587 519 636 ex
538 567 629 637 illius
643 566 740 648 actis,
755 585 836 656 qnae
850 563 895 635 ab
908 566 1082 639 historicis
1097 568 1149 660 (ut

63 710 184 760 eorum
203 688 321 759 verbis
343 686 433 780 utar)
455 687 579 782 partim
602 688 695 757 nulla
710 685 1002 778 reprehensione,
1023 689 1145 779 partim

63 829 131 878 non
161 802 325 878 mediocri
355 807 458 879 laude
483 815 734 889 memorantur,
762 805 861 900 prius
888 805 1019 877 scilicet
1042 830 1147 899 quam

64 951 103 1000 se
116 940 225 1002 totum
244 929 278 997 in
297 928 422 1022 probra
440 938 476 999 et
493 929 624 998 scelera
638 927 885 1017 demergeret?
897 926 951 1002 Au
965 926 1149 1018 aurigandi

64 1053 189 1142 potius,
215 1074 259 1122 an
284 1049 513 1153 citharizandi
542 1049 721 1120 studium?
746 1048 882 1132 Quibus
914 1058 984 1120 tam
1010 1049 1147 1121 curiose

64 1172 219 1243 deditum
240 1175 452 1267 accepimns,
471 1182 510 1242 ut
528 1171 695 1243 secretius
717 1173 869 1264 primum
891 1192 1008 1244 coram
1032 1174 1148 1244 servis

65 1317 106 1365 ao
131 1293 233 1387 plebe
262 1295 419 1377 sordida,
447 1295 573 1367 deinde
605 1295 708 1366 etiam
735 1293 769 1364 in
801 1293 952 1386 publico,
981 1294 1149 1365 universo

65 1419 193 1511 populo
213 1426 403 1509 spectante,
425 1417 588 1509 princeps
609 1419 731 1508 auriga
752 1417 971 1511 decurreret,
992 1427 1029 1488 et
1047 1419 1149 1509 quasi
1252 1412 1259 1424 '

67 1561 194 1610 numen
219 1538 357 1631 aliquod
384 1538 535 1612 oblatam
563 1537 631 1608 sibi
663 1537 831 1608 citharam
857 1538 1022 1610 adoraret
1049 1560 1150 1630 egre·

64 1661 144 1752 gius
165 1661 362 1743 citharista,
380 1660 509 1754 quihus
531 1662 682 1733 tandem
698 1660 921 1732 successibus
947 1671 1094 1732 evectus
1114 1670 1150 1732 et

64 1784 160 1852 velut
179 1781 304 1854 italicis
325 1803 393 1852 non
414 1791 600 1853 contentus
621 1782 772 1873 ingeniis
791 1782 958 1852 Achaiam
978 1781 1091 1873 petiit,
1114 1791 1149 1852 et

63 1905 261 1975 Graecorum
281 1904 493 1975 lllusioorum
510 1901 766 1974 adulationibus
782 1904 923 1974 inllatns
939 1903 1036 1974 solos
1053 1902 1149 1974 Grae-

63 2050 124 2100 cos
145 2029 271 2100 studiis
290 2028 363 2098 sois
382 2027 508 2118 dignos
527 2025 703 2099 asseruit?
720 2024 915 2096 Ridiculum
935 2035 1146 2106 monstrum,

64 2155 163 2221 lerox
183 2149 308 2220 bellua.
330 2147 384 2217 Au
405 2148 490 2220 illud
507 2172 610 2221 nmen
626 2158 762 2220 certum
781 2145 898 2237 magni
920 2146 1075 2217 simulet
1093 2169 1147 2219 re-

65 2272 179 2363 ligiosi
198 2271 364 2364 principis
389 2270 554 2355 habuisti,
576 2270 672 2364 quod
689 2268 810 2340 barbae
827 2268 998 2360 primitias
1019 2281 1055 2339 et
1072 2269 1147 2341 illas

64 2395 241 2464 inhumani
259 2394 330 2462 oris
349 2381 499 2461 exuv'ias
517 2391 550 2458 in
567 2392 728 2484 capitolio
745 2390 984 2462 consecravit?
1005 2391 1032 2459 li
1053 2400 1147 2461 certe

63 2521 145 2581 sunt
165 2522 262 2581 actus
283 2511 429 2579 Neronis
453 2512 511 2590 tui,
537 2511 680 2580 Seneca:
701 2530 743 2579 ea
770 2519 874 2581 aetate
899 2532 969 2602 qua
993 2509 1147 2580 historici

63 2631 178 2702 adbuc
196 2653 276 2702 eum
293 2632 383 2701 inter
399 2630 558 2700 homines
573 2639 772 2712 numerant,
788 2639 825 2700 tu
843 2651 923 2703 eum
942 2631 1030 2699 inter
1050 2630 1145 2711 deos,

65 2777 128 2827 nec
149 2754 311 2826 laudante
330 2778 394 2826 neo
413 2754 552 2825 laudato
569 2752 685 2844 dignis
703 2753 887 2846 praeconiis
901 2753 1038 2822 conaris
1056 2753 1147 2822 inse-

64 2900 149 2962 rere,
163 2889 208 2962 et,
223 2877 323 2950 cuius
337 2900 380 2948 an
397 2888 433 2948 te
447 2877 577 2970 pudeat
590 2876 720 2960 nescio,
737 2877 800 2948 sed
813 2897 868 2946 me
882 2877 998 2969 pudet,
1017 2874 1146 2968 optimo

63 2999 257 3093 principum
283 3000 367 3071 divo
399 2999 561 3091 Angusto
586 3001 752 3091 praeferre
783 3021 850 3070 non
880 2997 1043 3071 dubitas:
1079 2999 1144 3069 nisi

63 3106 255 3192 lorte'illud
275 3123 394 3195 maiori
417 3124 526 3213 gloria
552 3121 696 3213 dignum
721 3134 837 3213 putas,
860 3120 953 3214 quod
981 3119 1147 3191 Christia-

65 3261 141 3322 noS,
174 3262 286 3331 genus
316 3241 496 3311 hominum
531 3263 657 3311 revera
691 3252 849 3311 sanctum
883 3251 919 3310 et
944 3241 1144 3320 innocuum,

65 3383 187 3432 verum
222 3371 260 3430 ut
292 3360 357 3430 sihi
390 3360 577 3433 videbatur
612 3376 648 3432 et
679 3362 844 3432 Suetonio
874 3362 1056 3441 referenti,
1088 3383 1146 3431 su·

65 3483 278 3578 perstitionis
295 3497 399 3553 uovae
418 3505 458 3553 ac
476 3481 661 3566 maleficae,
681 3483 859 3576 suppliciis
880 3483 1010 3563 affecit,
1032 3481 1145 3552 omnis

65 3607 201 3703 pietatis
234 3616 435 3699 persecutor
467 3618 573 3698 atque
606 3607 717 3676 hostis
757 3604 1033 3675 crudelissimus.
1068 3603 1145 3694 Ego

63 3731 203 3824 quidem
224 3729 269 3800 de
291 3738 323 3798 te
343 3730 408 3797 ista
429 3750 498 3799 non
520 3728 693 3821 suspicor,
716 3749 828 3818 ecque
850 3726 964 3816 magis
987 3727 1146 3817 proposi-

66 3867 135 3924 tum
157 3853 262 3924 animi
282 3851 400 3921 miror:
419 3871 498 3919 nam
519 3859 554 3919 et
574 3850 756 3940 superiora
777 3848 833 3917 illa
849 3847 974 3918 frivola
991 3848 1094 3919 nimis
1109 3861 1145 3919 et

66 3998 154 4046 vana
180 3986 271 4057 sunt,
299 3974 456 4044 ultimum
489 3972 555 4042 hoc
586 3971 755 4071 helarium
783 3969 886 4040 etiam
919 3980 954 4040 et
981 3972 1152 4054 immane„

63 4096 107 4165 llt
125 4098 171 4167 ita
195 4097 253 4167 tibi
275 4097 412 4166 visum:
436 4116 505 4165 una
527 4093 671 4185 quidem
692 4086 919 4184 epistolarum
942 4103 1076 4163 tuarum
1098 4093 1143 4165 ad

187 4227 222 4264 ΙΙΙ.
958 4214 986 4258 18
