2670 4688
163 237 222 299 tto
507 250 549 298 mr
570 248 670 296 nunus
692 246 913 295 murmurosus

164 395 268 466 nibus
292 395 490 493 praemium,
512 393 586 486 rapi
607 414 669 464 eos
688 392 790 462 iussit
806 403 841 463 et
858 392 892 463 in
910 414 1048 463 crucem
1069 392 1152 477 tolli,
1174 415 1248 464 ser-

164 518 293 611 vilique
330 517 499 612 supplicio
533 517 644 598 affici,
679 515 800 586 dicens
833 515 976 586 evenire
1015 517 1171 607 potuisse
1210 528 1248 587 ut

162 651 284 713 essent
302 640 451 722 insidiae,
481 662 520 711 ac
547 640 675 731 periret
701 639 832 710 romani
861 639 1010 710 nominis
1039 642 1244 709 reverentia.

162 764 318 855 Cumque
340 766 465 854 ingens
487 763 611 836 seditio
633 765 667 833 in
687 765 847 834 exercitu
864 774 939 835 orta
953 775 1061 847 esset,
1078 764 1247 854 processit

160 886 196 955 in
218 885 369 956 medium
392 889 466 958 siue
487 886 610 968 armis,
633 895 690 956 et:
717 916 730 951 l
756 888 930 958 Perculite
952 909 1020 969 me,
1056 884 1180 977 inquit,
1214 887 1242 954 sl

167 1033 183 1071 n
213 1005 371 1091 audetis,
410 1020 655 1101 corruptaeque
676 1006 870 1097 disciplinae
902 1009 983 1079 caesi
1018 1008 1122 1078 etiam
1144 1008 1244 1079 ducis

163 1156 178 1191 r
208 1131 324 1201 scelus
345 1129 470 1202 addite.
495 1157 510 1194 r
531 1131 693 1213 Quaeres
713 1141 845 1199 tuntum
866 1129 1072 1202 obedieutiae
1091 1130 1242 1201 romanis

159 1251 304 1334 addidit,
324 1262 457 1323 tantum
476 1253 619 1322 terroris
640 1249 798 1321 barbaris
815 1251 945 1335 iniecit,
962 1254 1164 1324 videntibus
1181 1253 1243 1324 da-

159 1385 296 1446 mnatos
319 1375 450 1445 romani
472 1374 572 1446 ducis
594 1374 722 1445 iudicio
742 1375 848 1446 etiem
869 1396 930 1444 eos
956 1375 1016 1466 qui
1042 1386 1161 1447 eontra
1187 1378 1241 1447 las

158 1496 327 1580 vicerant,
346 1507 382 1567 ut
405 1520 522 1590 pacem
546 1509 684 1568 centum
704 1519 884 1580 annorum,
907 1494 1052 1566 absente
1066 1497 1240 1568 Antonino

157 1622 313 1690 Romano
334 1631 416 1690 tunc
442 1621 663 1713 imperatore,
683 1618 923 1710 deposcerent.
946 1616 999 1686 Ad
1019 1627 1236 1709 postremum

158 1740 215 1812 lric
234 1751 290 1812 est
306 1741 363 1813 ille
383 1742 439 1814 vir
458 1765 564 1835 quem
587 1762 695 1811 unum
715 1740 890 1830 corruptis
910 1760 950 1809 ac
968 1736 1112 1831 perditis
1132 1737 1237 1826 legio-

157 1886 242 1935 num
265 1864 421 1936 moribus
440 1862 670 1936 reformandis
692 1861 784 1932 idem
806 1860 882 1952 ipse
908 1861 1048 1931 Marcus
1073 1857 1235 1927 Aurelius

155 1987 354 2060 Antoninus
387 1987 581 2081 principum
610 1983 892 2077 sapientissimus
919 2005 1005 2055 sano
1031 1995 1236 2072 maturoque

156 2110 300 2183 consilio
331 2108 520 2199 delegisse,
559 2107 686 2200 cuique
722 2129 783 2198 per
819 2107 1002 2199 epistolam
1037 2104 1236 2178 severitatis

153 2232 296 2302 eximie
316 2253 438 2300 verum
457 2240 493 2301 et
514 2230 651 2320 insigne
677 2230 914 2331 testimonium
943 2229 1138 2301 reddidisse
1163 2231 1237 2298 lau-

154 2353 269 2425 datur.
288 2352 394 2424 llulta
414 2351 488 2423 dixi
510 2352 555 2424 de
575 2353 714 2438 Cassio,
728 2351 824 2445 quod
839 2362 875 2424 et
893 2355 1001 2424 multa
1017 2352 1062 2423 de
1080 2373 1123 2423 eo
1141 2354 1236 2442 lege-

153 2494 245 2559 rem,
268 2484 304 2545 et
324 2477 471 2547 multum
484 2476 541 2546 ille
554 2484 685 2546 nostrae
703 2475 882 2547 modernae
896 2475 1026 2546 militiae
1039 2475 1234 2560 dissimilis,

152 2599 374 2692 multumque
394 2598 472 2670 ideo
492 2599 658 2670 vitiorum
677 2599 785 2671 nostri
809 2600 975 2694 temporis
988 2596 1147 2696 conuicio
1161 2599 1236 2669 ido

153 2741 241 2790 neus
274 2721 473 2793 videbatur.
508 2721 570 2792 Cui
607 2721 673 2791 hae
712 2722 747 2791 in
779 2744 818 2793 re
847 2722 970 2790 similis
1004 2722 1232 2804 lllaximinus,

152 2842 315 2933 quamuis
335 2842 370 2911 in
392 2842 535 2933 reliquis
557 2843 709 2912 crudelis
731 2862 772 2911 ac
792 2837 982 2923 barbarus,
1004 2843 1124 2931 quinta
1147 2865 1235 2934 qua-

152 2985 235 3056 que,
260 2970 297 3031 ut
318 2963 350 3029 iu
370 2963 442 3031 vita
463 2962 539 3032 eius
562 2962 705 3052 legitur,
728 2962 785 3031 die
801 2960 943 3030 iubebat
963 2962 1090 3033 milites
1109 2965 1233 3036 decur-

155 3105 249 3166 rere,
273 3082 361 3153 inter
382 3103 421 3153 se
442 3082 629 3153 simulacra
650 3081 821 3151 bellorum
842 3103 963 3172 agere,
978 3085 1130 3175 gladios,
1152 3089 1234 3158 lori-

152 3227 225 3290 cas,
252 3207 385 3295 galeeS,
418 3215 530 3287 scuta,
567 3202 719 3286 tunicae,
753 3214 789 3273 et
820 3205 935 3276 omnia
968 3229 1064 3277 arma
1096 3208 1232 3280 illorum

151 3326 307 3420 quotidie
332 3326 616 3420 circumspicere,
645 3325 728 3417 quin
757 3326 860 3398 etiam
890 3329 965 3423 ipse
999 3330 1234 3423 prospiciebat

151 3472 298 3541 prorsus
321 3461 358 3520 ut
380 3474 500 3523 verum
525 3472 563 3520 se
589 3462 721 3542 patrem
749 3450 913 3523 militibus
938 3454 1122 3546 praeberet.
1149 3457 1233 3525 Pro-

152 3571 220 3643 bus
241 3596 381 3667 quoque
403 3573 470 3644 sub
489 3575 601 3645 oculis
621 3584 696 3645 erat
717 3575 793 3667 qul,
827 3588 863 3647 ut
891 3579 939 3646 ait
962 3579 1103 3648 Flavius
1128 3580 1233 3672 Vopi-

154 3707 250 3768 seuS,
274 3712 453 3784 nunquam
480 3691 623 3761 militem
655 3693 805 3763 otiosum
831 3715 911 3765 esse
939 3716 1128 3786 perpessus
1153 3708 1231 3780 est;

154 3809 330 3902 siquidem
354 3816 461 3885 multa
486 3836 592 3906 opera
619 3817 755 3888 militari
785 3838 890 3886 manu
924 3817 1080 3907 perleoit,
1111 3819 1232 3890 dicens

152 3954 327 4006 annonam
349 3938 490 4009 militem
511 3937 695 4011 comedere
717 3963 783 4012 non
805 3938 944 4009 debere.
965 3937 1015 4008 Ac
1035 3962 1077 4011 ne
1098 3943 1231 4014 leviore

154 4057 375 4146 gravissimis
398 4061 566 4147 inseram,
590 4070 697 4152 utque
717 4062 873 4134 omittam
902 4057 1066 4142 Quintum
1093 4063 1231 4144 Cincin-
