2670 4688
327 310 418 359 nrnnn
440 310 752 360 vrcnsrunsrnnnus,
767 311 968 360 —nrrsronn
990 313 1018 360 r.
1155 300 1212 361 llltl

133 455 193 527 llis
204 474 290 545 ergo
304 455 476 546 sepositis,
490 472 571 545 qum
590 461 787 544 sequuntur
799 474 967 545 exequor.
984 453 1120 535 Quanto
1133 475 1213 525 cum

131 575 260 667 gaudio
271 597 328 645 me
341 575 432 644 illam
446 573 605 666 epistolae
620 583 688 642 tuae
703 585 835 664 partem
851 575 1033 666 aspexisse
1046 577 1212 660 aestimas,

132 696 187 767 ubi
202 698 263 779 ais
278 696 421 768 assidue
435 705 580 764 mortem
599 694 1099 788 intrepidumexpectare‘th!
1111 697 1214 770 docto

130 822 215 900 viro,
234 820 295 890 oh!
319 839 402 888 vere
425 826 457 886 te
470 815 616 909 dignum
638 815 801 887 verbum!
823 817 912 887 lllori
927 818 1068 889 timeant
1088 820 1150 911 qui
1163 820 1216 891 vi-

130 963 216 1014 vere
241 941 451 1012 nescierunt.
478 941 530 1010 Tu
554 939 614 1033 qui
641 941 691 1009 sic
720 939 855 1022 vixisti,
883 948 922 1010 nt
947 962 1016 1011 non
1048 942 1214 1013 inutiliter

130 1073 235 1135 natus
257 1063 318 1145 sis,
341 1082 408 1130 non
431 1059 507 1144 tibi,
530 1083 597 1133 uon
613 1062 752 1153 patriae,
773 1083 844 1132 non
865 1060 1001 1146 anicia,
1018 1082 1242 1162 curquaesox

130 1194 277 1256 mortem
305 1185 442 1268 timeas,
470 1205 552 1276 quae
578 1184 638 1256 tibi
669 1185 754 1277 quid
783 1184 877 1256 alind
907 1205 1013 1277 quam
1039 1183 1217 1256 defessum

130 1309 388 1400 corpusculum,
407 1317 442 1377 et
462 1329 542 1378 oum
565 1306 622 1378 illo
643 1306 928 1380 multumlaboris
949 1329 991 1378 ac
1010 1307 1104 1379 taedii
1124 1305 1219 1378 abla-

132 1439 209 1503 tura
231 1431 292 1514 sit,
312 1429 438 1501 animae
458 1430 506 1501 nil
527 1451 674 1522 prorsus
697 1433 856 1502 nocitura
877 1434 933 1502 vel
953 1430 1106 1501 nomini?
1123 1429 1217 1502 Mors

130 1552 269 1646 quidem
284 1562 322 1624 ut
330 1553 431 1624 malis
444 1550 605 1623 omnibus
615 1555 861 1647 suppliciorum
870 1552 1042 1635 introitus,
1058 1555 1216 1646 volupta-

132 1682 202 1746 tum
223 1677 353 1758 exitus
376 1677 428 1748 sic
449 1675 561 1759 bonis,
583 1697 732 1768 quorum
753 1697 820 1767 ego
842 1687 875 1745 te
895 1675 1051 1746 numeris
1071 1673 1219 1747 fidenter

129 1799 367 1892 ascripserim,
391 1797 547 1869 laborum
571 1797 650 1869 linis
670 1811 706 1870 et
725 1800 808 1868 vitae
830 1799 982 1871 melioris
1000 1800 1135 1869 initium
1147 1807 1213 1870 est.

130 1920 159 1989 ll
180 1941 326 1991 securus
344 1920 459 2012 igitur,
478 1931 518 1992 ul
534 1922 632 2005 lacis,
652 1921 738 1991 nihil
755 1920 999 2013 trepidaveris.
1015 1923 1163 1993 Senectu
1177 1942 1217 1993 se

130 2064 225 2115 mors
243 2043 458 2116 liberatrices
477 2055 559 2115 sunt
573 2042 714 2116 humani
732 2042 887 2136 generis:
906 2045 1102 2114 animorum
1123 2064 1219 2114 mor-

133 2164 213 2249 bos,
235 2168 293 2259 qui
316 2166 591 2238 innumerabiles
612 2179 648 2239 et
661 2189 749 2261 pene
761 2165 980 2237 incredibiles
996 2176 1089 2251 sunt,
1105 2167 1218 2258 prima

129 2285 278 2377 mitigat,
302 2285 457 2357 secunda
483 2286 656 2358 convellit.
678 2287 792 2359 Prima
818 2309 838 2358 a
865 2287 967 2359 malis
992 2297 1098 2380 atque
1120 2287 1216 2358 labo-

129 2409 225 2481 ribus
243 2409 424 2481 abstrahit.
443 2410 603 2480 Secunda
620 2409 714 2480 veris
732 2408 836 2479 bonis
856 2420 891 2480 et
912 2410 1022 2500 quieti
1039 2431 1103 2481 nos
1124 2410 1220 2481 insc-

129 2532 174 2607 rit
193 2534 427 2621 sempiternae.
444 2530 547 2613 Quod
562 2531 606 2600 de
623 2542 733 2602 morte
747 2529 962 2623 praesertim,
978 2553 1082 2621 quam
1095 2553 1115 2601 a
1128 2534 1216 2602 mul-

130 2651 173 2722 tis
201 2651 399 2722 infamatam
426 2650 546 2734 video,
574 2653 689 2721 forsan
715 2650 833 2720 dicere
861 2669 929 2718 non
948 2650 1130 2732 auderem,
1148 2651 1215 2722 nisi

128 2773 283 2845 Plotinus
302 2774 357 2842 ille
378 2773 631 2846 Platonicorum
653 2773 832 2866 princepe,
855 2783 893 2842 ut
914 2770 1033 2842 sileam
1055 2781 1214 2857 caeteros,

128 2906 164 2969 et
182 2896 293 2968 secuti
310 2919 391 2967 eum
408 2897 539 2991 aliquot
556 2920 601 2968 cx
624 2894 772 2968 ducibus
789 2895 932 2976 nostris,
947 2895 1148 2967 nominatim
1161 2894 1216 2967 Ci-

127 3021 270 3110 prianus
290 3031 325 3090 et
339 3017 575 3110 Augustinus
591 3019 626 3090 id
645 3017 814 3102 dicerent,
834 3016 1108 3089 misericordiam
1122 3016 1214 3088 scili-

126 3149 182 3209 cet
202 3141 262 3209 Dei
283 3162 364 3211 esse
384 3163 447 3211 nos
474 3141 600 3212 fecisse
621 3143 802 3212 mortales:
823 3151 873 3224 et,
898 3152 935 3211 ut
956 3141 1109 3211 Platonis
1134 3149 1213 3211 utar

127 3258 260 3344 verbis,
276 3262 533 3334 misericordem
548 3275 682 3355 patrem
700 3262 842 3335 vincula
858 3261 961 3332 nobis
979 3263 1105 3333 fecisse
1119 3281 1213 3332 mor·

129 3382 218 3453 talia.
241 3383 337 3452 Bona
361 3405 446 3473 ergo
472 3394 648 3468 senectus,
676 3403 756 3477 quae
778 3384 847 3454 iam
870 3383 982 3466 iuxta,
1006 3384 1073 3453 iarn
1095 3391 1210 3452 tecum

124 3515 194 3587 est3
215 3515 252 3575 et
271 3525 365 3574 mors
384 3504 505 3574 melior
525 3528 630 3596 quam
652 3518 831 3601 expectas.
850 3505 895 3576 Ut
911 3504 1003 3575 enim
1022 3516 1110 3572 mora
1131 3523 1210 3595 pec-

127 3638 273 3697 catorum
295 3627 453 3717 pessimo,
482 3626 576 3718 quod
602 3628 785 3698 Psalmista
811 3631 859 3698 ait
885 3628 1028 3720 (eorum
1054 3625 1210 3716 intelligo

125 3771 214 3843 quos
228 3769 392 3842 peccasse
406 3768 476 3818 non
497 3750 642 3842 poenitet
661 3750 725 3821 sed
741 3750 903 3831 delectat,
924 3769 968 3817 ne
987 3748 1016 3817 si
1036 3757 1210 3841 praerupte

126 3875 228 3944 nimis
249 3881 428 3964 acceptum
451 3873 509 3954 sit,
532 3891 653 3940 omnes
674 3871 833 3941 homines
849 3878 1072 3963 peccatorum
1090 3869 1210 3962 appel-

125 3994 208 4066 latio
224 3993 489 4088 apprehendat),
510 3991 699 4085 sicoptima
713 4012 809 4062 mors
823 3993 1006 4063 iustorum.
1023 3993 1104 4063 Haec
1115 3988 1209 4061 haud

126 4115 232 4188 dubie
257 4116 324 4189 iarn
352 4115 569 4208 propinquat.
597 4113 683 4184 Nam
713 4136 793 4187 cum
822 4117 917 4186 nulla
943 4125 1030 4187 aetas
1054 4114 1100 4186 de
1126 4113 1209 4184 vitm
