2670 4688
428 285 520 334 bruun
542 283 718 337 irensibus.
728 305 767 319 ·-
778 287 932 339 seurota
954 289 985 339 ll.
1207 286 1242 350 Η

171 419 261 492 idem
282 419 423 501 scribis,
444 441 523 489 cum
544 442 614 511 quo
634 422 845 497 familiaritas
864 425 961 498 Laelii
988 437 1091 501 vetus
1111 442 1176 503 est.
1203 433 1247 505 ll-

169 541 230 614 lud
250 543 364 634 potius
385 542 493 613 miror
513 542 609 633 quud
633 543 807 636 prioribus
825 547 947 620 litteris
967 554 1246 645 praetermissum

167 665 224 737 bis
248 667 395 751 inserui,
424 664 519 757 quod
544 663 593 737 ita
616 664 714 736 illum
739 665 784 738 ad
808 670 1041 743 coronandum
1068 674 1244 750 Caesarem

167 787 228 859 diu
248 801 328 861 ante
348 788 546 879 digressum
567 786 634 860 iste
655 790 883 880 praevenerit,
898 790 965 860 nisi
979 794 1073 885 quia,
1096 808 1134 868 ut
1153 796 1246 870 arbi-

167 919 251 998 tror,
272 922 308 981 et
327 921 367 982 ut
387 913 490 994 solet,
510 910 606 982 illum
626 915 764 985 fortuna
781 933 942 1005 segnem,
960 915 1054 988 bunc
1073 921 1244 996 solicitum

165 1036 279 1108 virtus
312 1033 401 1105 iacit.
431 1033 542 1105 Unum
577 1055 645 1105 non
671 1034 789 1106 mirari
821 1057 981 1128 nequeo:
1010 1061 1090 1109 cum
1122 1041 1244 1117 eodem

165 1157 270 1231 ambo
294 1165 492 1250 pergerent,
519 1156 761 1250 Rhodanoque
783 1157 944 1244 dimisso,
972 1159 1122 1233 Tiberim
1150 1177 1245 1257 pete

166 1291 257 1366 rent,
278 1280 371 1352 unde
396 1280 613 1351 reverentior
633 1279 750 1352 adbuc
775 1281 954 1355 Romanus
979 1281 1143 1376 Princeps
1169 1284 1245 1357 dia·

164 1403 268 1476 dema
287 1424 491 1496 supremum
510 1402 633 1493 poscit,
651 1402 748 1494 quod
762 1404 854 1476 Petri
877 1426 1071 1490 successor,
1095 1406 1243 1481 casaris

165 1547 371 1600 successore
392 1523 549 1596 securior
569 1544 638 1595 non
658 1535 772 1612 curat,
793 1527 854 1619 qui
875 1526 951 1600 lieri
971 1531 1082 1625 potuit
1102 1540 1141 1604 ut
1160 1530 1244 1604 Can

162 1646 287 1721 dinalis
308 1647 412 1720 rutilo
438 1645 569 1718 vertice
589 1657 625 1719 et
643 1668 819 1743 purpureo
838 1649 995 1743 fulgidus
1014 1653 1144 1727 amictu
1168 1665 1244 1727 tan-

165 1781 270 1864 toque
290 1767 490 1865 spectabilis
511 1769 689 1855 comitatu,
711 1770 820 1843 nostri
839 1769 946 1844 buius
965 1774 1088 1868 lyncea
1112 1773 1244 1848 lumina

163 1894 304 1986 fugerit,
325 1902 361 1963 et
381 1913 460 1963 cum
480 1891 536 1964 bic
556 1892 667 1980 Pisas,
688 1894 746 1966 ille
764 1895 829 1965 vix
847 1894 932 1967 dum
953 1896 1097 1966 lanuam
1118 1916 1244 1988 perve-

160 2017 289 2102 nisset,
316 2017 364 2088 ita
388 2015 501 2088 atilli
525 2014 667 2088 obviam
692 2017 759 2089 iste
782 2016 937 2090 redierit.
963 2014 1129 2109 Auguror
1156 2037 1243 2089 sane

161 2144 310 2214 alterum
331 2149 437 2225 terra,
459 2139 548 2210 mari
566 2142 716 2211 alterum
736 2139 889 2212 venisse.
916 2140 966 2210 De
986 2136 1052 2209 hoo
1078 2137 1242 2231 equidem

161 2286 202 2337 ac
221 2265 357 2358 rebqoo
377 2272 470 2335 statu
489 2271 612 2335 vestro
632 2263 701 2335 tuis
721 2283 764 2335 ac
783 2262 859 2335 suis
878 2260 1003 2333 litteris
1018 2259 1147 2333 certior
1167 2257 1242 2333 fieri

160 2388 278 2459 velim.
299 2386 357 2457 Ad
376 2385 517 2475 singula
538 2381 768 2474 respondisse
785 2382 919 2454 videor.
938 2382 1027 2454 Nam
1048 2381 1093 2456 ad
1112 2382 1244 2475 episto-

160 2507 205 2575 lar
225 2513 296 2572 ture
320 2500 426 2571 linem
451 2503 497 2573 de
517 2500 745 2571 familiaribus
775 2501 871 2573 curis
894 2502 973 2572 stilo
997 2501 1066 2571 alio
1085 2512 1122 2572 et
1146 2521 1243 2572 soor-

161 2644 241 2696 sum
261 2623 400 2714 loquar,
428 2628 466 2691 ut
491 2622 598 2691 soleo.
624 2618 762 2689 Gratias
787 2631 904 2690 autem
932 2616 1005 2701 tibi,
1032 2619 1129 2710 quod
1152 2639 1242 2711 quus

159 2750 235 2843 ipse
249 2748 318 2819 iam
330 2742 497 2818 oblivioni
512 2741 724 2816 tradideram
741 2741 845 2827 adeo,
861 2752 957 2814 utne
976 2741 1162 2835 loquutnm
1180 2740 1243 2815 tibi

158 2872 202 2945 de
223 2872 279 2943 bis
303 2867 436 2966 aliquid
455 2891 513 2943 me
537 2875 712 2962 putarem,
738 2878 810 2941 tam
835 2865 1037 2941 memoriter
1062 2875 1177 2952 tenes,
1203 2877 1243 2940 ut

157 2997 256 3070 facile
274 3004 399 3090 pateat,
417 3015 536 3066 rerum
557 3001 591 3063 te
611 3013 770 3065 mearum
789 2989 1014 3064 curiosiorem
1034 3010 1241 3083 essequam

159 3141 216 3191 me
241 3122 366 3214 ipsum.
393 3119 521 3190 Mirum
545 3123 581 3188 et
614 3136 705 3208 pene
736 3114 953 3200 incredibile,
986 3113 1053 3186 nisi
1083 3112 1240 3184 caritatis

158 3254 229 3313 tuae
252 3240 420 3311 miraculo
440 3237 662 3311 incuriositas
688 3259 768 3311 mea
787 3239 890 3329 longe
910 3239 1051 3330 lateque
1070 3248 1153 3309 nota
1177 3236 1240 3309 ‹le-

160 3359 325 3435 trahe’ret.
345 3362 433 3433 Vale
450 3363 596 3447 feliciter
616 3360 726 3434 nostri
745 3381 892 3435 memor.
