2670 4688
164 280 225 341 230
497 276 540 326 na
561 269 663 323 annus
683 265 912 327 rrmnmmus

167 433 264 506 ribus
295 426 500 500 audiantur,
525 438 594 488 non
620 409 810 510 principem
836 421 949 495 modo
976 449 1112 521 suum,
1137 445 1209 516 sed
1232 449 1289 520 in·

165 558 290 629 dorum
312 570 413 641 reges
435 546 578 616 ultimos
599 539 669 609 sint
682 535 823 606 moturi:
840 547 902 612 tua
917 555 965 629 te,
982 551 1152 646 inquam,
1170 566 1284 654 ltalia,

167 682 296 758 Caesar,
310 683 427 752 vocat3
450 669 586 747 Caesar,
608 662 744 742 Caesar,
762 658 883 733 Caesar
901 689 1011 743 meus
1034 678 1097 750 ubi
1120 691 1194 756 es?
1210 692 1286 763 Cur

168 826 225 874 me
243 798 400 872 deseris?
419 791 510 876 Quid
531 782 725 859 cunctaris?
749 781 851 854 Certe
875 808 948 879 ego
974 797 1050 867 nisi
1079 802 1283 884 immobilis

168 926 292 1005 sorem,
314 930 351 992 et
368 919 496 990 dextra
515 916 674 1001 laevaque
697 907 782 975 mari
802 910 961 999 gemino,
982 942 1004 990 a
1024 931 1135 1017 tergo
1155 944 1279 1006 autem

169 1044 316 1141 Alpibus
336 1043 581 1127 circumsepta,
609 1032 685 1122 ipsa
708 1027 914 1121 iampridem
936 1060 1063 1115 meum
1089 1051 1277 1128 Caesarem

171 1174 273 1259 iunge
294 1180 389 1238 trans
407 1157 604 1231 Danubium
623 1152 811 1246 petiissem.
830 1154 929 1242 Vale,
948 1161 1089 1253 Caesar,
1108 1186 1147 1247 et
1165 1179 1275 1268 vigila

170 1294 257 1364 dies.

314 1446 451 1508 venetiis,
469 1444 501 1495 t'.
519 1441 585 1495 idus
601 1440 699 1494 ttarrii.

576 1877 755 1943 uersuum
774 1878 844 1945 Xi'l.

171 2048 364 2102 ruauctscus
385 2048 553 2097 Parnasos
572 2046 706 2095 tontum
726 2047 880 2100 Episcopo
901 2051 1099 2107 ostiumst
1119 2061 1149 2112 8.
1169 2065 1199 2114 Ρ.
1217 2067 1247 2116 u.

259 2176 360 2230 Carere
375 2190 406 2228 se
419 2173 520 2227 litteris
533 2173 594 2227 eins
609 2171 765 2242 aegrotent,
781 2179 810 2229 et
823 2174 975 2246 qnamdam
989 2193 1071 2248 spem
1086 2199 1172 2240 suam

456 2265 485 2318 in
499 2264 609 2318 irritum
624 2263 740 2320 cessisse
755 2265 871 2320 minime
884 2263 969 2319 dolet.

271 2506 365 2599 Ergo
396 2506 479 2598 quia
506 2524 575 2574 non
604 2513 702 2596 potes
726 2504 823 2597 quud
843 2508 952 2579 vettes
975 2507 1149 2594 seribere,
1171 2514 1261 2587 nihii

171 2630 317 2702 scribis?
348 2631 439 2715 Noli,
473 2628 635 2710 obsecro,
669 2627 739 2697 noti
765 2627 894 2700 damno
918 2629 1085 2700 damnum
1110 2633 1259 2709 addere.

169 2750 319 2824 Gravius
337 2757 446 2824 mutto
462 2751 545 2824 mihi
564 2761 620 2823 est
637 2750 759 2820 titteris
778 2751 846 2820 tuis
862 2748 992 2840 quibus
1010 2771 1259 2839 assueveram,

171 2896 276 2968 quam
314 2896 482 2946 successu
519 2875 594 2968 spei
635 2869 810 2962 ambiguae
848 2872 1017 2942 caruisse.
1058 2875 1127 2948 iiia
1161 2882 1258 2954 enim

171 3006 353 3071 externam
374 2997 509 3089 corpori
535 2993 776 3066 sufficientiam
802 3004 1001 3083 exoptatam
1028 2997 1192 3085 forsitan,
1221 3015 1260 3076 ut

172 3131 229 3192 est
247 3117 467 3213 inexplebilis
488 3116 592 3190 animi
615 3113 749 3186 infinita
768 3112 955 3206 cupiditas,
980 3118 1044 3189 sad
1066 3131 1166 3194 perte
1186 3146 1259 3198 nun

171 3243 404 3315 necessariam
426 3239 670 3334 promittebat:
700 3239 756 3308 hae
780 3238 907 3307 animae
933 3239 1048 3311 cibum
1076 3240 1257 3321 internum

172 3386 216 3438 ae
231 3367 393 3437 solatium
414 3362 615 3435 afferebant.
636 3365 709 3434 Hoc
728 3383 784 3433 me
804 3383 848 3432 ne
868 3363 1075 3454 privandum
1093 3386 1258 3453 nenseas,

173 3510 238 3585 per
257 3489 493 3581 temetipsum,
522 3501 689 3583 tuumque
715 3490 798 3560 mihi
824 3491 954 3560 erritum
983 3511 1120 3580 semper
1140 3503 1179 3563 et
1196 3514 1257 3566 eu

175 3608 316 3683 tendum
329 3624 442 3705 caput,
459 3623 494 3684 et
513 3613 542 3683 si
559 3614 639 3704 quis
657 3636 810 3706 unquam
831 3613 888 3685 tibi
907 3615 974 3685 mei
992 3613 1141 3685 nominis
1155 3637 1259 3691 amor

175 3735 250 3817 run
268 3757 331 3807 nm
350 3737 477 3807 anxius
494 3748 599 3829 atque
615 3736 781 3808 obtestor.
795 3739 848 3808 An
867 3738 947 3830 quia
965 3760 1034 3808 non
1050 3739 1145 3808 vates
1160 3743 1258 3831 quod

178 3856 322 3951 ipsulm
342 3857 439 3942 dare,
461 3862 579 3930 aufers
595 3859 691 3951 quod
709 3860 868 3933 solebas?
885 3862 927 3929 Et
940 3861 1021 3951 quia
1036 3860 1160 3952 nequis
1173 3883 1260 3937 esse

178 3979 369 4053 iunuh'rus.
405 3981 477 4054 eris
508 3985 660 4055 nocens?
690 3982 782 4067 Quid
807 3985 874 4057 hoc
898 3984 991 4054 atiud
1024 3985 1124 4054 tuerit
1148 4008 1258 4077 quam

190 4104 367 4188 mum,
388 4127 496 4199 quem
526 4128 651 4181 curare
681 4127 751 4179 uon
784 4109 914 4200 possis,
943 4107 1124 4201 occidere?
1154 4109 1256 4196 Vide,
