2834 5086
637 691 796 737 ieiunium!

591 1038 765 1101 EPlS'soLn
795 1038 839 1097 xl.

273 1216 467 1267 russursurs
489 1214 658 1265 uurrrsucu
678 1214 783 1260 uerno
804 1211 995 1261 noromensi
1017 1212 1044 1261 s.
1066 1212 1094 1260 e.
1117 1214 1147 1259 u.

341 1364 555 1417 Adoleseemem
571 1360 670 1413 litteris
684 1360 887 1414 instituendum
901 1356 1086 1414 commendat.

269 1584 454 1673 compater
486 1590 520 1648 et
552 1579 661 1649 amice
700 1580 841 1670 optime.
882 1580 987 1649 Lator
1024 1579 1252 1669 presentium

169 1702 270 1772 amici
294 1703 359 1771 mei
380 1701 510 1784 dilecti,
532 1699 667 1791 virique
694 1698 775 1769 boni
797 1697 888 1769 fliius
912 1707 949 1768 ei
969 1697 1015 1769 ob
1034 1698 1069 1769 id
1090 1697 1175 1769 mihi
1195 1721 1254 1771 oa·

169 1846 229 1895 rus
255 1836 327 1893 est:
350 1821 394 1891 de
412 1822 513 1892 ouius
535 1821 793 1892 conditionibus
820 1824 976 1892 Donatus
1003 1830 1123 1891 noster
1148 1822 1253 1893 iarius

168 1958 282 2014 tecum
316 1954 406 2031 aget.
438 1944 579 2013 Summa
607 1953 679 2013 est:
703 1944 797 2033 quod
829 1943 1030 2035 aliquandiu
1067 1963 1181 2033 vagus
1211 1964 1254 2015 ao

167 2066 321 2134 diseoius
359 2064 589 2145 adolescens,
629 2066 783 2157 alioquin
818 2090 888 2136 uon
913 2064 993 2135 maii
1027 2062 1181 2155 ingenii,
1213 2077 1253 2135 ui

167 2186 362 2277 perhibent,
386 2186 430 2257 ad
463 2198 495 2257 rc
518 2188 618 2278 quasi
640 2207 737 2279 aeger
768 2187 812 2258 ad
844 2186 979 2257 fidelem
1011 2198 1047 2257 et
1065 2199 1250 2278 expertum

169 2306 342 2380 medicum
370 2311 525 2383 iniititur.
547 2308 712 2400 impende
735 2311 780 2379 iiii
800 2332 919 2380 eoram
942 2320 1109 2400 quautam
1133 2318 1249 2400 poteo,

165 2428 324 2511 obsecro,
349 2442 386 2500 ut
407 2432 436 2499 si
453 2452 524 2522 qua
546 2430 602 2501 via
620 2444 675 2500 cst
693 2432 781 2522 parri
802 2427 930 2501 reddas
947 2427 1088 2499 doctum
1106 2438 1142 2498 et
1162 2428 1251 2501 bene

165 2554 280 2620 animo
299 2555 482 2623 valentem.
497 2552 653 2642 Denique
674 2551 758 2621 dum
776 2573 857 2643 spes
877 2551 1052 2642 proserius
1069 2550 1248 2633 effulserit,

166 2671 338 2763 persuade
361 2671 452 2742 hunc
476 2671 534 2743 ribi
558 2672 665 2742 filium
690 2694 804 2742 meum
836 2693 926 2741 esse.
961 2672 1005 2741 Et
1035 2673 1135 2741 vale:
1162 2669 1248 2742 nihil

164 2797 255 2864 euim
287 2794 389 2864 hodie
411 2792 469 2864 ribi
487 2794 581 2865 aliud
600 2816 677 2865 sum
701 2796 905 2886 scripturus,
933 2793 998 2863 nisi
1026 2793 1121 2887 quod
1138 2817 1248 2886 quum

165 2920 198 2986 iu
222 2918 390 3010 principio
416 2916 531 2987 ieiunii
559 2927 672 2989 tecum
706 2940 788 2988 esse
818 2916 1053 2997 decreverim,
1076 2937 1154 3003 ero,
1175 2919 1247 2990 Deo

165 3041 309 3121 volente,
335 3038 368 3108 in
386 3039 509 3111 medio.
532 3040 581 3109 Tu
604 3040 701 3111 mitte
722 3040 811 3111 hanc
839 3051 1049 3131 praesentem
1072 3062 1246 3113 annexam

165 3163 349 3232 litterulam
371 3161 546 3232 sacerdoti
568 3184 645 3232 meo
661 3162 803 3231 domino
823 3160 963 3231 Iohanni
984 3163 1156 3255 simulque
1179 3184 1245 3235 vas

164 3294 260 3353 tuum
283 3285 488 3359 {vasculum
510 3283 624 3354 dicere
644 3281 768 3375 debui)
798 3296 834 3352 ut
854 3283 1004 3377 accipias
1031 3285 1242 3378 portionem,

163 3408 232 3476 imo
251 3406 504 3497 portiunculam
529 3406 598 3475 uini
619 3406 725 3487 iliius,
743 3405 812 3473 imo
825 3406 907 3489 riui,
924 3406 1113 3498 voluptatis
1132 3406 1244 3479 hostis

162 3529 344 3599 modestiae
361 3529 472 3600 amici.
490 3528 644 3599 Veneriis
659 3528 792 3597 xvllll.
808 3528 985 3599 Februarii
1003 3540 1241 3622 properanter.

989 3653 1026 3720 F.
1049 3663 1139 3722 tuus,
