2834 5086
167 600 224 647 :5¹35
625 604 637 639 ἰ
651 600 784 649 thisias!

166 764 325 836 quasque
351 748 568 815 nuncetiam
594 748 684 815 tama
712 750 884 836 vulgaris.
916 744 983 815 etsi
1020 744 1128 815 multa
1151 744 1247 813 viris

165 866 339 937 detrahat.
364 870 438 937 iure
460 882 574 939 tamen
595 870 747 939 omnium
770 868 925 959 gentium
947 864 1150 937 mulieribus
1175 886 1246 935 an-

166 992 308 1083 teponit.
335 1014 412 1061 eurn
440 994 474 1061 in
501 991 566 1061 hoe
592 1015 720 1083 genere
745 991 859 1063 landis
885 1012 966 1061 sese
989 990 1111 1059 offerat
1134 987 1244 1059 Graia

167 1116 382 1185 muliercula.
407 1126 443 1183 ut
464 1116 559 1206 prole
576 1116 695 1207 impar.
716 1116 766 1183 sic
786 1137 850 1206 par
873 1116 1003 1185 animo.
1021 1132 1104 1204 quae
1118 1108 1244 1179 audita

166 1250 276 1307 rnorte
297 1234 355 1305 filii
382 1238 441 1329 qui
468 1240 501 1305 in
527 1238 599 1307 aeie
622 1236 807 1308 eet-idem.
837 1242 870 1305 in
897 1238 970 1305 lior.
996 1236 1122 1328 inquit.
1144 1232 1243 1303 raum

165 1364 265 1447 penui
285 1374 316 1427 u?
329 1380 409 1428 es..·er
422 1362 480 1449 psi
495 1366 580 1429 iton·
595 1384 658 1453 pro
672 1364 783 1453 pzrrr'a
806 1382 870 1428 nan
892 1364 1035 1437 timerem
1052 1356 1159 1449 digna
1181 1356 1245 1425 vel

167 1484 232 1553 hoe
246 1485 483 1577 responsoeui
503 1496 605 1553 natus
623 1484 803 1555 incolumis
818 1482 1031 1553 redderetur.
1044 1500 1149 1573 quem
1168 1490 1245 1547 tam

166 1610 297 1677 fortiter
318 1608 504 1675 amisisset.
532 1607 661 1677 terum
687 1630 757 1699 quo
784 1604 1009 1699 progrediar?
1032 1602 1123 1687 Quid
1147 1602 1247 1691 ago?

167 1732 414 1800 Corrsternatos
441 1742 474 1798 et
502 1727 637 1821 absque
666 1730 871 1821 resurgendi
898 1750 959 1821 spe
984 1724 1136 1796 deiectos
1163 1726 1246 1793 ani-

166 1872 243 1921 rnos
270 1852 367 1919 torua
395 1852 557 1943 exempta
583 1872 649 1921 non
676 1851 811 1923 decent.
840 1852 958 1943 itaque
983 1846 1125 1941 quaudo
1154 1846 1247 1917 nihii

166 1974 335 2052 ιιιευῑ-ῑιίυεξ
356 1972 437 2041 nihii
458 1973 522 2041 hor:
541 1986 695 2065 tempore
711 1974 847 2044 dulcius
868 1994 1024 2069 possum.
1044 1970 1128 2041 tibet
1146 1990 1248 2039 nunc

166 2098 303 2187 incepto
329 2094 463 2165 hrnrere
487 2111 520 2166 et
546 2096 710 2166 omnibus
736 2098 874 2166 saeeutis
900 2094 1067 2166 flebiliora
1094 2091 1249 2185 conqui-

168 2242 256 2289 rere.
282 2234 316 2287 ut
341 2218 522 2289 ostendam
544 2218 650 2289 Panto
677 2242 753 2290 ineo
778 2218 861 2289 nihii
890 2231 960 2289 toto
985 2216 1069 2288 orbe
1094 2216 1246 2285 misera-

167 2342 281 2423 bilius,
307 2342 389 2413 nihil
413 2344 477 2413 ulia
505 2354 607 2411 aetatu
633 2342 797 2412 flebilius.
819 2344 877 2434 qni
903 2354 937 2412 ut
960 2352 1091 2434 patrem
1117 2338 1248 2409 indue-

168 2478 227 2541 ret¹
246 2466 357 2534 riruru
372 2466 479 2543 cenarit
493 2476 771 2556 consecutusque·
786 2478 840 2535 est
856 2478 890 2534 ut
910 2466 1125 2535 miserrimus
1142 2475 1249 2555 pater

166 2588 280 2679 pritius
301 2610 405 2676 quani
429 2586 480 2654 rir
503 2588 681 2655 rnoilestus.
702 2597 737 2657 et
758 2589 896 2679 sapiens
915 2587 1102 2658 rideretur.
1123 2584 1247 2657 Excu-

168 2710 296 2780 tiantur
310 2722 436 2801 poetae,
451 2712 657 2780 erotrantur
673 2709 839 2791 historici,
857 2710 1101 2804 protrahantur
1118 2708 1153 2777 in
1167 2730 1250 2779 me-

165 2834 261 2903 diurn
290 2833 446 2919 insignes
472 2835 636 2923 gornitus,
661 2845 697 2904 ut
724 2847 889 2927 appareat
917 2843 1085 2926 quantum
1113 2832 1147 2901 in
1176 2828 1248 2903 hoo

167 2980 296 3045 genero
318 2958 395 3027 niati
415 2960 515 3027 altior
533 2958 666 3027 eunctis
687 2970 738 3027 est
761 2958 900 3037 Paulus,
921 2964 1160 3047 quantumquo
1180 2974 1247 3025 su-

168 3080 360 3172 pereminet
380 3091 415 3149 et
437 3091 507 3152 toto
529 3082 657 3149 rer-tice
676 3102 781 3173 supra
798 3094 866 3161 est,
888 3089 924 3151 ut
941 3082 1036 3151 ‚ituro
1053 3078 1111 3148 ait.
1127 3078 1245 3151 Ftevit

167 3224 270 3270 suurn
293 3202 444 3273 Pallanta
472 3201 678 3272 miserabilis
701 3203 900 3286 Euandrus,
927 3201 989 3274 set!
1016 3212 1093 3295 post
1118 3199 1243 3271 fletum

168 3320 266 3399 vixit,
281 3330 312 3389 nt
331 3320 516 3389 vindiciani
535 3323 728 3414 praestotari
748 3323 867 3392 nialuit
883 3345 987 3414 rprarn
1002 3320 1109 3392 [ilium
1128 3320 1242 3415 sequi.

168 3442 318 3513 Lausurn
333 3464 472 3534 tputnruo
486 3443 677 3513 Mezentius
697 3444 800 3527 ssevit,
821 3468 883 3515 nec
903 3445 1088 3526 immerito;
1107 3464 1189 3513 narn
1211 3444 1244 3515 si

165 3566 341 3637 err-tiimus
370 3565 533 3657 Virgilio,
567 3570 675 3660 pietas
704 3568 811 3662 patris
844 3568 914 3640 filio
943 3591 1084 3641 causant
1119 3572 1245 3643 mortis

165 3692 343 3767 attuierat3
370 3689 431 3759 sod
457 3693 600 3761 ruutturn
622 3692 678 3762 trio
695 3688 766 3762 sitio
784 3692 996 3786 supervixit,
1025 3694 1244 3785 tentavitque

167 3813 364 3895 viritiietani,
384 3834 463 3905 quae
480 3838 557 3884 curn
578 3837 700 3908 parurn
719 3814 933 3899 succederet,
952 3839 1020 3887 non
1040 3832 1107 3887 tarn
1125 3814 1245 3889 flendo

164 3936 250 4007 mori
275 3936 384 4007 notuit
404 3960 507 4029 ‹prain
531 3937 735 4029 pugnando:
759 3950 794 4008 ot
813 3950 911 4009 orant
930 3938 1033 4010 ambo
1054 3960 1171 4021 seneS,
1194 3941 1244 4013 ita

165 4072 201 4130 ut
221 4059 352 4130 diritius
371 4061 491 4131 vivero
507 4073 541 4133 ot
558 4061 750 4132 animosius
773 4084 927 4155 pugnare
946 4065 1094 4155 potuerit
1111 4064 1242 4135 Paulus

164 4204 273 4253 nitius.
308 4184 470 4269 Legimus
506 4184 688 4256 l’iiooaeuin
720 4184 804 4277 Argi
838 4200 971 4279 patrem
1004 4185 1115 4257 navali
1151 4204 1244 4277 prae·

165 4306 217 4385 tio,
237 4307 330 4398 quod
349 4309 513 4378 ,ttnssittae
530 4320 665 4399 gestum
685 4320 751 4392 ost,
771 4330 851 4381 cum
874 4310 1053 4380 traiectum
1076 4310 1186 4381 iaculo
1206 4321 1245 4381 et

163 4430 376 4519 expirantem
393 4430 499 4502 sitiunt
518 4431 664 4509 rideret„
683 4433 865 4504 vioientius
879 4430 1017 4523 quitlonr
1035 4431 1239 4515 indoluisse,
