2670 4688
157 224 216 286 reo
468 238 535 289 ,os
555 238 657 289 nauus
678 238 901 290 rsumrsnmus

451 316 468 347 Ι

159 380 253 462 Vale,
264 380 388 452 Ceasar
398 380 643 467 invictissime,
656 392 691 455 et
708 400 821 478 saepe,
840 402 918 468 oro,
934 384 1048 476 cogita
1061 383 1144 477 quid
1159 384 1239 456 viro

156 500 328 589 debitum,
349 502 435 597 quid
455 503 614 600 principi.

300 668 464 741 Mediolani,
480 670 542 727 llll.
560 672 699 730 Kalendas
713 674 825 747 Aprilis.

655 906 733 919 —

571 1136 748 1204 EPISTOLA
768 1139 811 1202 lll.

235 1305 428 1357 FRANCISGUS
448 1305 618 1355 ruraliter.
639 1306 765 1357 canoto
787 1309 818 1356 tv
838 1308 902 1358 latr.
926 1310 999 1361 tttJG.
1022 1313 1048 1361 S.
1073 1313 1100 1361 P.
1123 1312 1153 1360 D.

356 1445 472 1501 Militem
485 1444 605 1501 amicum
618 1461 702 1503 suum
715 1446 816 1503 cesari
829 1450 1014 1506 commendat.

250 1693 390 1768 Tacitus
412 1692 563 1766 transire
581 1691 828 1765 decreveram:
852 1692 916 1765 sed
934 1693 1029 1784 cogit
1055 1703 1093 1763 ut
1112 1695 1239 1787 loquar

151 1839 222 1893 nou
243 1815 358 1890 miuus
379 1815 428 1887 tui
449 1813 647 1887 reverentia
665 1836 771 1908 quam
792 1814 869 1887 eius
891 1835 988 1887 amor
1006 1837 1070 1907 pro
1092 1838 1164 1908 quo
1184 1818 1240 1887 lo·

150 1962 251 2037 quor.
272 1939 371 2012 blitea
390 1936 448 2013 bio
468 1944 550 2009 tuus
570 1949 606 2010 et
624 1940 759 2011 amicus
780 1959 881 2009 meus
900 1937 981 2010 otim
1003 1936 1090 2009 meis
1115 1938 1152 2007 in
1179 1938 1239 2009 tit·

150 2062 235 2137 teris
247 2060 309 2135 tibi
323 2058 530 2133 fiducialiter
549 2058 816 2131 commendatus
833 2059 911 2142 luit,
931 2060 1098 2152 nunquia
1115 2061 1172 2130 vel
1186 2066 1236 2145 tu,

149 2160 298 2268 volitis,
325 2183 384 2253 vel
403 2201 472 2273 ego
491 2180 578 2251 mibi
598 2179 666 2252 sim
687 2181 845 2274 ignotus,
867 2180 932 2253 sed
949 2181 1047 2273 quod
1069 2182 1236 2253 sentirem

151 2301 247 2398 apud
279 2302 498 2375 maiestatem
525 2312 619 2374 tuam
653 2302 839 2377 humilitati
864 2324 954 2385 maae
987 2304 1135 2397 gratiam
1162 2324 1234 2373 non

148 2424 290 2511 deesse,
309 2444 426 2497 meum
444 2423 548 2497 rebar
572 2447 642 2498 nou
667 2402 782 2499 tacere
800 2426 897 2520 quod
922 2424 1047 2498 scirem
1068 2422 1114 2493 ad
1135 2431 1237 2493 tuum

148 2544 260 2621 docus
280 2544 465 2640 portinere.
482 2547 576 2634 Dixi,
591 2548 723 2635 Caesar,
740 2558 928 2645 strepeto:
946 2547 1131 2642 plurimum
1151 2541 1238 2615 huic

147 2666 275 2753 debas.
297 2689 362 2741 uec
382 2681 420 2742 tu
441 2670 545 2744 modo
562 2670 628 2745 sed
647 2670 843 2767 imperium.
865 2672 999 2741 Causas
1020 2668 1123 2749 sileo:
1142 2674 1237 2739 notae

151 2800 236 2865 suut
253 2786 317 2861 tibi
335 2793 535 2878 solicitudo,
563 2789 651 2865 fides
676 2804 713 2862 et
736 2790 919 2862 industria.
940 2788 991 2856 De
1012 2787 1106 2857 nullo
1125 2784 1238 2857 bomi-

151 2936 236 2991 num
258 2925 378 3007 sperat
396 2912 465 2985 nisi
487 2914 533 2987 de
554 2923 588 2983 te
613 2912 670 2985 hic
695 2913 774 2983 talis
799 2911 855 2982 vir
880 2908 928 2978 ita
950 2905 996 2977 de
1021 2918 1057 2979 te
1077 2909 1232 3003 meritus,

150 3038 211 3134 qui
230 3036 322 3111 inter
341 3036 451 3107 multa
472 3036 625 3129 pericula
643 3031 821 3107 cruciabili
841 3051 921 3101 cum
941 3028 1059 3103 labore
1080 3033 1236 3126 quotidie

149 3161 177 3231 it
187 3172 226 3231 et
238 3158 345 3241 redit,
359 3158 453 3230 uuila
470 3178 510 3229 re
526 3155 660 3228 auctior
676 3152 744 3225 nisi
760 3162 866 3225 aetate
879 3153 914 3223 in
926 3152 1004 3226 dies
1020 3156 1148 3227 senior.
1165 3156 1236 3229 Cur

151 3302 222 3355 non
235 3291 273 3355 et
287 3282 324 3353 in
335 3278 413 3353 dies
426 3277 553 3377 ditiori
566 3280 629 3363 Da,
643 3274 799 3360 obsecro,
815 3274 966 3348 libertati
979 3275 1132 3372 fideique
1146 3300 1236 3352 mear

150 3405 307 3479 veniam:
328 3424 523 3498 uunquam,
540 3401 608 3473 nisi
627 3399 715 3472 fides
731 3402 839 3473 multa
860 3411 969 3484 esset,
990 3411 1085 3473 tanta
1106 3424 1235 3495 suppe-

153 3533 242 3598 teret
255 3526 409 3599 tibertas.
424 3525 537 3597 Tuum
549 3534 613 3608 est,
630 3524 762 3610 Caesar,
780 3537 817 3597 ut
828 3527 964 3598 calcare
976 3525 1160 3620 improbos,
1181 3527 1235 3600 sio

151 3645 264 3719 bonos
285 3648 453 3723 attollere.
474 3648 543 3720 Fac
564 3658 601 3720 ut
621 3647 678 3719 hic
694 3648 750 3719 vir
769 3646 862 3721 fidus
881 3670 923 3720 ac
942 3648 1081 3733 nobilis,
1100 3648 1160 3742 qui
1181 3649 1235 3721 iu-

151 3780 294 3839 ventam
308 3791 408 3843 suam
425 3790 490 3864 pro
502 3780 561 3849 tua
573 3767 682 3862 gloria
695 3777 746 3840 tot
758 3767 937 3841 laboribus
950 3769 1077 3853 atterit,
1098 3781 1130 3843 te
1143 3769 1234 3844 duce

154 3895 256 3979 teque
276 3892 438 3982 auspice,
456 3890 567 3987 possit
587 3890 622 3962 in
645 3903 823 3964 senectute
844 3893 1035 3985 quiescere.
1202 3880 1209 3891 ⁸
