2670 4688
562 308 714 359 narsrout
736 310 767 357 u.
1091 368 1097 376 ,
1146 301 1200 362 311

125 483 238 556 neque
263 459 349 551 qood
366 482 472 553 parvo
492 454 666 528 admodum
686 454 872 549 srupritento
893 460 1018 554 timere)
1034 518 1041 545 ,
1060 470 1066 503 ¹
1088 473 1124 534 et
1144 461 1208 532 mi-

125 606 191 656 nus
212 581 437 654 metuendum
457 589 514 652 est
545 600 591 650 ne
615 579 671 650 itte
698 579 806 652 divini
833 583 889 651 vir
915 583 1062 673 ingenii,
1090 583 1209 656 audito

123 728 194 800 quo
227 703 415 775 mittendus
448 710 529 786 ast,
563 699 672 791 fugiat
712 714 753 772 et*
781 702 1066 795 profundioribus
1106 719 1209 799 caput

123 828 245 901 abdat:
260 825 472 918 ilindpotius
494 844 599 916 spero
616 833 653 894 ut
676 824 887 917 ubicumque
908 825 1021 908 inerit,
1044 825 1089 897 ad
1112 838 1208 898 tuum

126 970 251 1022 nomen
272 947 424 1018 exsiliat.
445 947 627 1017 Postremo
646 968 768 1038 parum
796 944 906 1019 abfuit
927 947 1013 1040 quin
1035 944 1130 1017 modo
1146 969 1210 1039 pro

124 1069 348 1140 moderamine
376 1067 445 1137 sciti
472 1071 521 1137 tui
542 1079 579 1137 ut
598 1089 650 1136 me
671 1069 806 1138 omnino
827 1066 978 1161 deinceps
997 1070 1211 1158 siaputoriter

123 1191 168 1263 od
192 1187 388 1283 loquendum
414 1187 558 1259 crederes
575 1195 587 1226 ¹
606 1211 686 1260 cum
709 1191 774 1260 sim
797 1211 905 1270 unus;
933 1203 968 1262 et
989 1191 1051 1260 oh!
1078 1191 1209 1261 utinam

125 1320 271 1406 integer,
287 1335 349 1385 nec
362 1316 397 1383 in
412 1315 521 1384 multa
534 1313 738 1405 passionum
756 1334 796 1383 ac
809 1313 1039 1405 cupiditatum
1055 1334 1210 1384 mearum

124 1441 236 1508 frusta
256 1435 463 1530 discerptus.
478 1434 646 1529 Epistulae
660 1434 843 1506 cniusdam
859 1455 946 1505 mera
960 1435 1005 1506 ad
1019 1433 1210 1505 Tribunum

124 1558 302 1653 quondam
324 1557 421 1628 urbis
442 1558 581 1642 Romae,
603 1557 663 1650 qui
685 1579 783 1650 spem
805 1557 995 1652 publicam,
1019 1567 1057 1628 ut
1077 1555 1209 1636 vidisti,

126 1693 196 1754 tam
221 1684 315 1752 claro
336 1662 513 1772 principio
528 1679 666 1763 ieieltit,
698 1678 759 1751 tibi
786 1680 960 1750 mitterem
986 1680 1209 1770 particulam,
1270 1691 1274 1698 ’

127 1803 391 1895 misissemque,
415 1800 477 1872 sed
498 1800 651 1873 laborem
676 1803 784 1872 timui.
815 1804 866 1874 Tu
890 1803 984 1885 vate,
1014 1816 1049 1874 et
1079 1823 1137 1872 me
1163 1802 1228 1886 itti,

127 1925 204 1995 viro
224 1925 354 2016 optimo
375 1923 442 1995 tuis
464 1923 587 1996 litteris
614 1944 719 2014 quam
745 1924 1003 1995 familiariorem
1030 1934 1130 2015 potas
1162 1926 1212 1992 ei-

127 2042 229 2116 fioito.
251 2045 392 2127 Patavii,
415 2044 490 2114 Vlii
508 2045 591 2122 Idus
612 2043 750 2136 Aprilis,
774 2044 974 2115 Fatucrscus
997 2056 1087 2117 tuns.

530 2483 721 2580 tertarum
743 2487 786 2547 [tt.

189 2670 383 2722 aannctscus
405 2667 576 2720 Parauaea
598 2668 726 2718 URBANO
748 2671 776 2719 V·
797 2669 892 2719 Portu.
915 2670 992 2720 ΜΑΧ.
1015 2672 1041 2720 S.
1065 2674 1092 2721 P.
1115 2674 1145 2723 Ι).
1171 2669 1177 2679 ’

205 2807 290 2863 Enixa
305 2807 433 2864 hortatur
447 2813 478 2863 ut
495 2803 592 2863 Romae
606 2806 755 2876 consistat,
770 2825 822 2864 neo
836 2808 940 2865 sedem
955 2808 1144 2882 Apostolicam

534 2895 649 2951 reducat
664 2893 693 2948 in
708 2893 819 2969 Gallias.

227 3135 280 3206 Ad
303 3147 433 3206 motum
456 3136 575 3228 sponsi
597 3146 693 3208 astra
720 3147 920 3219 moventur,
943 3137 1117 3229 spondent
1138 3137 1214 3228 piu-

131 3256 225 3340 vias,
261 3270 388 3330 ventus
421 3258 581 3343 incitant,
616 3258 759 3330 turbant
792 3258 913 3341 marin,
948 3279 1020 3330 aera
1051 3256 1214 3349 lugubria

130 3376 295 3462 reddunt,
322 3377 538 3469 ingurgitant
562 3380 719 3470 gramina
751 3380 885 3472 campi,
921 3381 1145 3454 emolliuntur
1178 3392 1213 3452 et

130 3498 272 3572 madent
294 3497 447 3590 undique
472 3521 597 3594 aspera
632 3510 745 3572 terrae.
779 3502 849 3572 Nec
881 3501 1004 3572 mirum
1040 3502 1068 3572 si
1099 3501 1214 3573 omnia

130 3624 269 3714 lugent,
291 3623 373 3715 quia
403 3643 423 3691 a
458 3621 613 3716 principe
646 3624 858 3695 monarchiae
891 3626 968 3695 ioco
1002 3624 1212 3696 universalis

131 3745 330 3817 monarchia
359 3744 500 3826 recedit,
523 3743 692 3815 deserens
713 3743 832 3815 urbem
854 3755 958 3837 caput
978 3744 1088 3831 orbis,
1110 3744 1211 3817 dere·

223 3985 266 4038 ‘et
283 3986 292 4013 ¹
305 3986 398 4037 Locum
411 3992 546 4050 utrumque
557 3984 688 4037 erroribus
699 3984 835 4049 implexum
847 3985 955 4050 quiaque
965 3985 1047 4038 uidet:
1061 3986 1169 4039 anetum
1179 3994 1213 4037 ta-

131 4075 189 4113 men
201 4076 232 4116 ex
244 4063 335 4116 Codice
348 4064 473 4116 Marciano
486 4063 631 4130 descriptus
638 4071 685 4117 est.
696 4065 845 4115 Germanum
859 4065 992 4118 tectionem
1005 4079 1019 4119 a
1032 4065 1105 4119 nobit
1118 4065 1211 4119 trustra

130 4144 433 4206 murmurmurmur
445 4145 546 4210 ingenio
557 4145 741 4200 restituendam
753 4145 928 4210 relinquimus.
