2834 5086
507 682 537 709 ¹¹-
570 682 668 725 aaut>
687 680 913 733 flul-mu?

349 844 357 857 ·
531 842 552 875 n
588 838 747 892 aenaeam
781 830 982 918 perstrenue
1014 852 1253 903 cumeram:

335 964 393 987 ..m
435 960 491 993 nm
522 954 576 1003 sm
602 940 804 1017 fortunatos
837 952 872 1019 in
893 954 1035 1023 nuntiis.
1057 955 1154 1025 Tuus
1177 956 1253 1041 tric,

299 1088 398 1115 ..mm
434 1068 554 1127 urum
574 1084 658 1135 esse
679 1072 834 1159 gaudeo.
857 1090 976 1146 noster
1001 1077 1057 1147 hic
1086 1080 1254 1170 inquam.

259 1204 269 1225 ·.
324 1196 500 1265 ...umarus
531 1204 597 1255 nus
624 1211 694 1261 non
719 1196 828 1267 fallet.
860 1198 921 1289 qni
956 1212 993 1269 ut
1024 1200 1255 1273 nuncetiam

224 1320 273 1347 ..·
306 1292 388 1377 ..oni
413 1300 546 1375 caesari
574 1326 698 1385 nostro
730 1317 920 1389 scriberem
953 1322 1123 1405 celerans,
1143 1344 1255 1395 oreu-

163 1538 168 1553 ὶ
305 1410 397 1489 ..tuter
432 1424 596 1504 instantia
621 1441 850 1533 etprolundo
870 1442 1252 1539 suspiriorueroegie

583 1910 759 1975 [ustula
781 1913 840 1974 ΧΥ.

244 2056 444 2127 runsersers
465 2081 632 2135 ernanum
653 2088 779 2138 ummo
800 2090 831 2137 rr
852 2091 916 2138 me.
940 2092 1011 2141 nro.
1032 2094 1059 2141 s.
1081 2094 1110 2141 r.
1131 2094 1163 2143 n.

176 2198 301 2271 lor-tatur
311 2222 416 2289 iterum
424 2250 461 2291 ne
473 2254 519 2293 res
528 2238 614 2295 ltaliae
625 2242 765 2314 despumat,
780 2260 866 2315 seque
878 2244 1038 2299 Romanurn
1050 2246 1251 2317 imperatum

590 2348 651 2386 esse
664 2332 832 2387 meminerit.

268 2532 399 2612 Vereor
430 2566 473 2616 ue
506 2557 576 2617 tam
608 2546 732 2619 creber
769 2549 824 2619 hic
859 2549 1085 2642 epistolarum
1117 2551 1253 2621 elamor

164 2650 261 2738 atiud
283 2665 411 2737 multos
435 2669 517 2738 mihi
539 2672 594 2741 uel
615 2669 856 2765 inopportunae
882 2668 1059 2765 superbie
1082 2673 1140 2743 rel
1165 2670 1253 2741 rilli-

165 2776 301 2853 culosae
338 2786 442 2862 detur
477 2794 651 2875 amentiae,
689 2792 749 2886 qui
787 2796 1010 2885 tranquillum
1033 2792 1252 2865 serenissimi

168 2907 323 3001 pectoris
353 2912 508 2986 habitum
539 2915 749 3009 quibusdam
774 2917 876 3007 quasi
910 2913 1077 2986 nubiferis
1108 2911 1253 2985 llatibus

170 3029 332 3122 impleam
363 3058 405 3109 ae
431 3038 641 3135 perturbem.
669 3039 754 3109 Nam
782 3040 864 3131 quis
882 3062 951 3131 ego
971 3048 1033 3108 aut
1053 3038 1146 3109 unde
1166 3034 1254 3109 mibi

172 3158 239 3230 lroc
256 3159 383 3229 animi?
400 3163 556 3232 Proiecto
570 3160 616 3231 tle
634 3164 706 3232 sola
724 3160 947 3232 conscientiae
963 3158 1127 3253 puritate,
1144 3180 1252 3251 quarn

173 3278 256 3355 milri
275 3302 342 3349 non
365 3288 398 3351 in
418 3283 496 3352 aliis
516 3282 583 3351 nisi
604 3281 673 3353 tuis
694 3284 727 3354 in
748 3283 866 3366 rebus,
880 3284 1010 3366 Caesar,
1024 3302 1168 3375 arrogo:
1182 3302 1254 3355 nou

174 3412 317 3501 ignarus
338 3406 399 3483 tui,
423 3426 492 3475 non
514 3405 658 3495 ignarus
686 3408 769 3489 mei,
797 3429 864 3477 non
896 3407 1039 3496 ignarus
1058 3404 1108 3474 rei
1130 3405 1256 3499 loquor

175 3548 301 3608 tamen.
323 3528 397 3601 Etsi
418 3548 514 3621 saepo
537 3528 741 3602 Dauidicum
755 3528 839 3600 illud
856 3538 1034 3600 occurrat:
1058 3524 1148 3614 Ouid
1165 3529 1254 3598 enirn

175 3658 258 3731 mr'lti
275 3666 320 3727 est
332 3656 369 3723 in
389 3654 478 3735 eoeb,
500 3664 530 3722 et
549 3676 570 3721 a
589 3663 619 3722 te
638 3651 716 3743 quid
735 3652 827 3720 votui
844 3674 942 3745 super
963 3662 1103 3729 terrum·
1120 3650 1256 3721 solatur

177 3806 233 3857 mo
253 3791 357 3874 atque
377 3777 480 3869 erigit
500 3775 698 3847 humanitas
717 3785 774 3844 toa
791 3782 828 3844 et
844 3773 1024 3865 integritas
1045 3770 1119 3844 veri
1138 3771 1256 3865 potius

177 3920 352 4005 appetens,
368 3904 446 3975 lieet
459 3900 566 3983 ueris,
585 3918 689 3990 quarn
708 3893 824 3968 blandi
843 3895 982 3988 alloquii
1000 3916 1042 3966 ao
1059 3892 1253 3967 malueritis.

178 4032 251 4103 Tibi
285 4026 440 4122 quidem,
481 4015 784 4114 providentissime
817 4016 1017 4113 imperator,
1052 4012 1255 4087 medullitus

180 4167 282 4225 notus
303 4174 383 4225 esso
402 4145 550 4223 conlido,
572 4142 741 4234 nunquia
763 4161 888 4231 magna
910 4137 971 4209 tibi
990 4137 1095 4209 animi
1116 4136 1257 4232 experi-

175 4287 295 4345 menta
315 4270 535 4368 praebuerim,
558 4265 620 4337 sed
642 4264 723 4358 quia
744 4265 846 4334 talem
866 4275 899 4333 te
916 4260 1064 4343 aestimo,
1084 4262 1257 4351 talemque

183 4420 238 4466 mo
276 4397 347 4468 scio
383 4408 422 4467 ut
457 4392 672 4464 translucere
706 4386 767 4458 tibi
806 4383 956 4457 arbitror
989 4380 1094 4454 fidem
1130 4400 1257 4452 meum.

185 4520 302 4613 ltaque
328 4540 396 4591 non
426 4525 543 4587 metuo
567 4536 611 4586 ue
634 4508 806 4583 offendam
835 4526 940 4599 quem
970 4503 1106 4577 sincere
1130 4522 1258 4583 amem,
