2834 5086
191 708 247 770 ὑσὶ
435 700 439 705 ’
532 721 690 769 seranum
711 721 926 770 mrrsnnnmr.
958 790 968 802 ἱ

189 868 359 938 maiorum
381 886 462 936 cum
489 866 624 936 lortuna
645 865 848 937 ceciderunt
881 865 1002 948 animi,
1025 867 1182 960 adeoque
1204 868 1269 941 de·

189 999 394 1081 generatum
413 1000 469 1060 est
489 999 527 1058 ut
547 989 712 1060 iustitiam
733 1009 878 1082 poscere
899 989 1078 1061 temeritas
1104 990 1268 1064 videatur

189 1111 244 1182 his
263 1129 410 1203 quorum
424 1111 589 1213 patribus
610 1112 694 1181 nihil
719 1110 814 1183 olim*
826 1109 967 1183 dlfficile
994 1112 1110 1187 visum
1136 1126 1205 1197 est,
1231 1126 1270 1187 at

188 1237 312 1306 saltem
329 1234 423 1324 quod
445 1233 491 1304 ab
510 1234 603 1305 omni
621 1255 703 1327 quae
720 1233 858 1325 legibus
878 1235 975 1304 vivat
991 1233 1152 1306 barbarie
1172 1239 1267 1328 posci

187 1368 312 1452 polest,
334 1358 465 1450 poscite
486 1366 525 1427 ut
544 1357 612 1427 civi
633 1367 754 1427 vestro
774 1354 951 1427 audientia
973 1357 1128 1450 publica,
1151 1368 1188 1431 et
1205 1359 1269 1431 de-

187 1480 353 1552 tensionis
385 1481 552 1570 legitimae
584 1501 655 1550 non
688 1481 983 1571 negetur-copia,
1008 1501 1122 1572 neque
1145 1483 1206 1573 qui
1232 1483 1268 1554 in

189 1600 363 1673 lucelecit
383 1603 510 1686 omnia,
532 1602 681 1693 imoqui
708 1612 876 1692 quantum
903 1623 965 1693 per
992 1603 1168 1674 bominem
1193 1602 1269 1677 fiori

188 1738 322 1817 poterat
344 1728 455 1795 lucem
479 1723 607 1796 mundo
633 1720 799 1807 reddidit:
821 1710 857 1795 in
879 1726 1034 1800 tenebris
1059 1726 1269 1800 condemne-

187 1858 254 1917 tur.
289 1846 472 1919 Ostendite
505 1867 569 1918 vos
601 1847 753 1937 denique
773 1840 979 1921 causamur
1000 1851 1173 1921 fortunam
1198 1871 1269 1923 non

187 1971 366 2060 negligere
399 1970 488 2041 civis
529 1968 649 2042 vestri.
690 1970 856 2040 Resistite
884 1967 1066 2061 iniuriae:⁸
1090 1972 1270 2064 prohibete

187 2096 305 2163 nelas:
328 2068 500 2185 protegite
523 2072 759 2175 innocentem,
776 2106 877 2163 veum
899 2095 957 2164 vel
977 2104 1160 2166 nocentem
1179 2095 1270 2166 iudi·

186 2230 272 2298 cate,
295 2226 357 2287 aut
377 2218 517 2297 saltem,
550 2236 594 2284 ne
623 2235 687 2306 pro
718 2212 891 2321 puiusque
917 2215 1060 2288 libidine
1086 2217 1268 2302 iudicetur,

186 2339 369 2409 occurrite.
391 2339 493 2408 Ferte
513 2358 618 2428 quam
640 2336 801 2427 potestis,
824 2345 860 2408 et
880 2359 985 2428 quam
1010 2337 1147 2410 debetis
1168 2361 1270 2435 opem

187 2458 339 2540 tribuno,
364 2459 419 2530 vel
443 2460 473 2529 si
495 2456 529 2526 id
557 2476 681 2527 nomen
704 2457 862 2538 evanuit,
885 2457 953 2526 civi
981 2466 1099 2528 vestro
1120 2461 1269 2529 multum

186 2580 230 2653 de
262 2579 438 2671 republica
466 2578 693 2660 benemerito,
716 2588 823 2669 atque
849 2578 933 2649 illud
959 2579 994 2648 in
1029 2578 1149 2671 primis
1176 2580 1271 2670 quod

186 2702 419 2793 quaestionem
442 2721 605 2792 magnam
626 2708 731 2791 alque
754 2700 870 2770 utilem
894 2699 1040 2782 mund0,
1066 2700 1185 2770 multis
1212 2720 1271 2772 so-

189 2824 292 2916 pitam
326 2844 367 2894 ac
400 2825 573 2915 sepultam
607 2823 747 2893 saeculis
779 2822 979 2905 suscitavit,
1013 2842 1095 2914 quae
1128 2844 1197 2894 una
1226 2823 1272 2895 ad

189 2943 468 3015 reformationem
497 2953 611 3014 status
645 2941 770 3035 publici
807 2955 910 3034 alque
941 2943 985 3014 ad
1019 2943 1115 3014 aurei
1150 2944 1272 3015 saeculi

189 3067 323 3136 initium
345 3067 402 3137 via
422 3080 488 3138 est.
510 3066 708 3139 succurrite
730 3066 776 3137 illi
798 3066 887 3149 viro,
917 3088 1028 3156 neque
1053 3075 1273 3161 contempse-

192 3189 267 3260 ritis
294 3192 439 3260 salutem
467 3191 558 3274 eius,
586 3192 645 3281 qui
677 3211 742 3281 pro
773 3201 893 3260 vestra
927 3189 1040 3260 salute
1074 3210 1154 3260 sese
1180 3187 1273 3259 mille

189 3313 355 3404 periculis
376 3333 416 3383 ac
438 3313 662 3406 sempiternae
683 3311 809 3383 obiecit
835 3311 989 3382 invidiae.
1017 3306 1119 3382 Illius*
1145 3331 1271 3425 prppo·

192 3437 300 3530 sitn'ffl
323 3449 427 3525 atque
460 3435 615 3535 animum
648 3436 811 3524 cogitate,
835 3445 871 3504 et
891 3434 1210 3526 memineritisfquo
1236 3436 1272 3506 in

191 3569 281 3629 statu
305 3557 682 3637 resvestraelueram,
705 3568 740 3627 et
763 3568 868 3647 quam
896 3554 1176 3657 repentessupius
1204 3558 1271 3628 viri

189 3682 333 3754 consilio
354 3691 459 3771 alque
480 3700 587 3771 opera
607 3690 772 3770 quantam
796 3682 829 3748 in
852 3694 949 3772 spem
973 3650 1047 3750 riori
1067 3680 1175 3751 Roma
1196 3692 1272 3763 tan-

192 3811 279 3885 tum,
310 3802 373 3874 ¹sed
408 3802 504 3872 ltalia
537 3803 651 3872 omnis
684 3810 802 3872 erecta
840 3811 918 3872 est:
952 3811 1122 3894 quantum
1148 3780 1272 3874 ‘sunto

190 3947 315 3997 nomen
342 3925 511 4007 Italicum,
543 3946 647 4016 quam
667 3932 843 3995 renovata
861 3934 917 4005 ,uc
950 3924 1092 3995 detersa
1116 3925 1271 3996 Romana

190 4049 321 4138 gloria:
356 4057 508 4140 quantus
543 4047 695 4118 hostium
715 4044 858 4159 'metus
883 4067 924 4118 ac
953 4046 1066 4131 dolor,
1097 4056 1270 4138 quantum

190 4170 355 4258 gaudium
396 4171 607 4254 amicorum,
646 4178 776 4260 quanta
813 4168 1017 4275 populorum
1041 4168 1268 4271 expectatio,

189 4312 293 4381 quam
317 4288 522 4362 immutatus
545 4313 661 4362 rerum
685 4272 801 4375 tenor,
822 4289 1173 4391 quem-laciesprbis
1193 4289 1267 4367 alia.

189 4433 294 4502 quam
321 4415 488 4487 diversus
509 4414 652 4485 habitus
669 4415 877 4499 animorum,
899 4436 1004 4506 qnam
1015 4395 1108 4518 ¹in'rbil
1132 4411 1197 4483 sibi
1224 4413 1271 4484 si-

190 4535 273 4607 milo
302 4556 349 4605 ex
381 4534 546 4607 omnibus
580 4557 660 4627 quae
690 4536 757 4606 sub
782 4540 871 4609 coelo
896 4546 999 4606 sunt:
1029 4520 1096 4604 ta'm
1124 4536 1210 4607 mira
1234 4543 1271 4606 et
