2670 4688
465 332 504 377 lt&
528 330 628 377 llElllssS
651 327 873 375 Fllllllffllsfi

131 477 308 545 huminum
321 475 449 566 quibus
460 476 603 545 consilia
614 488 733 544 nostra
743 476 941 543 vincuntur.
955 475 1097 547 idcireo
1109 484 1223 549 rirtus

129 600 257 667 invicta
271 599 395 666 lureuti
410 598 595 689 opponitur
608 600 763 667 fortunae.
781 618 850 665 uon
857 596 1004 688 quidem
1019 600 1219 671 secundm

129 721 343 790 eleetionem.
365 732 400 789 ut
418 719 507 787 diri.
526 719 591 789 sed
608 717 803 788 seeundum
825 721 1048 790 necessitatis
1071 724 1221 793 inesita-

130 843 215 912 biles
235 864 275 911 ae
297 844 428 912 ferreas
449 843 554 932 leges.
577 846 621 909 tt
641 862 709 931 ego
730 840 901 932 numquid
921 862 1034 910 sanus
1056 846 1149 915 satis
1168 850 1219 914 ri-

127 965 212 1035 dear
232 967 262 1032 si
283 964 415 1033 diutius
440 987 521 1033 eum
548 964 717 1052 magistro
742 964 911 1033 virtutum
936 962 983 1033 de
1009 965 1149 1035 virtute
1165 966 1216 1036 rb·

127 1099 279 1180 sputem.
307 1100 342 1157 et
369 1086 515 1179 probare
541 1088 644 1155 nitar.
674 1087 709 1155 id
728 1088 831 1155 cuius
858 1088 1028 1156 contrarii
1055 1088 1215 1180 probatio

128 1211 350 1304 impossibilis
373 1211 438 1278 sit.
471 1210 552 1277 utile
586 1209 697 1277 velte
719 1207 834 1278 iudice
854 1209 910 1279 sel
937 1208 1124 1300 quolibet.
1156 1214 1211 1305 qui

129 1332 222 1400 iuter
252 1334 337 1401 sitae
364 1332 469 1401 huius
488 1330 615 1401 fluctus
636 1330 859 1400 mediocriter
878 1331 1051 1421 nauigare
1082 1333 1211 1405 uidae-

126 1455 179 1523 rit.
211 1476 280 1524 nnn
310 1456 420 1522 luisse
451 1454 634 1523 consilium
655 1450 817 1547 Ssrlibus
838 1453 1036 1522 inbaerere?
1054 1455 1161 1538 Quod
1182 1460 1208 1525 si

124 1574 262 1643 laudem
276 1595 322 1641 ex
340 1574 542 1643 dillieultate
557 1574 737 1667 captabas,
757 1573 824 1644 boc
839 1574 955 1665 ipsum
969 1595 1128 1649 summae
1141 1581 1208 1649 lau

123 1692 180 1761 dis
201 1702 288 1763 erat.
310 1714 504 1782 emergere,
527 1696 618 1763 etin
639 1710 776 1787 portum
802 1697 954 1788 aliquem
981 1700 1087 1768 salsa
1108 1702 1206 1793 puppi

123 1815 320 1901 confugere.
337 1814 595 1907 lmpendeutem
611 1819 739 1909 iugiter
749 1819 948 1889 ceruicibus
966 1821 1039 1889 tuis
1056 1821 1206 1911 gladium

124 1934 284 2015 videbas,
301 1958 367 2005 nee
386 1938 548 2019 timebas,
568 1962 632 2009 nee
646 1950 715 2010 tum
732 1941 894 2033 ancipitis
912 1941 963 2011 rei
979 1944 1121 2013 exitum
1134 1966 1206 2039 pro

123 2055 277 2127 videbas.
292 2062 486 2150 prasertim
499 2062 655 2151 quaudo,
673 2060 768 2154 quod
785 2063 954 2134 moriendi
972 2063 1205 2137 miserrimum

122 2176 235 2271 genus
258 2190 327 2248 est.
356 2180 549 2272 intelligere
575 2198 715 2276 poteras
740 2195 889 2254 mortem
915 2195 1009 2255 tuam
1034 2200 1073 2258 et
1095 2191 1205 2260 fructu

121 2299 276 2395 quolibet
292 2316 327 2372 et
345 2304 457 2394 gloria
476 2306 674 2375 carituram.
696 2304 864 2389 Venetas,
882 2306 1136 2381 omiserabilis
1155 2331 1206 2380 se

123 2442 204 2501 nex,
227 2422 261 2492 in
283 2425 434 2496 bominis
455 2448 591 2505 manus,
612 2427 672 2518 qui
695 2427 865 2519 quidquid
886 2430 991 2500 vellet
1010 2444 1145 2521 posset.
1163 2430 1206 2500 nil

122 2545 188 2617 uisi
209 2550 399 2637 pessimum
423 2553 516 2622 velle
533 2562 663 2643 posset.
691 2549 833 2621 Somnio
853 2550 921 2621 iam
941 2553 1097 2644 aprima
1118 2555 1206 2624 illius

123 2666 351 2740 familiaritate
382 2672 586 2753 deterritus,
622 2672 772 2763 vigilans
800 2670 929 2743 deinde
958 2672 1206 2767 multiplicibus

123 2794 337 2885 argumentis
358 2792 463 2865 sidem
486 2794 637 2866 turbidae
657 2794 786 2887 quietis
807 2814 1004 2886 acceperas.
1026 2794 1123 2877 Quid
1142 2796 1204 2888 igi·

124 2932 180 2991 tur
198 2913 257 2985 tibi
277 2934 356 2983 cum
379 2915 434 2983 bis
455 2915 585 2985 laribus
607 2926 677 2984 tam
697 2915 782 2985 diu?
799 2916 892 2997 Quid
910 2937 991 2986 oum
1012 2915 1203 2989 inhumano

125 3048 332 3129 mentoque
347 3034 541 3127 discipulo?
557 3035 648 3117 Quid
668 3058 748 3106 cum
766 3035 1000 3108 dissimillimo
1015 3042 1204 3113 comitutu?

126 3157 381 3261 Respondebis:
415 3157 569 3246 effugere
599 3159 709 3240 volui,
747 3159 810 3229 sed
842 3159 1001 3251 nequivi,
1036 3172 1074 3231 et
1108 3163 1203 3235 illum

129 3288 272 3365 cleantis
296 3281 507 3355 versiculum
530 3281 765 3374 praelendeus‚
787 3282 909 3374 quoin
932 3282 1075 3353 latinum
1098 3307 1204 3357 terso

131 3422 176 3491 uti
193 3416 306 3487 soles:

302 3602 417 3665 lluruut
435 3596 601 3670 uolentem,
619 3595 678 3656 lata
696 3593 844 3655 uolentem
865 3594 996 3656 trallunt.

138 3792 217 3867 lllttl'!
229 3796 366 3881 uter
377 3773 604 3878 proclamabis
623 3775 777 3845 voluisse
797 3782 829 3843 le
846 3774 970 3865 opibus
985 3776 1054 3846 tuis
1070 3797 1200 3848 renuu-

141 3928 228 3991 nuru.
253 3918 307 3983 tel
329 3924 366 3981 ut
385 3908 436 3981 sio
455 3907 616 3997 laqueum
634 3896 803 3968 ubertatis
829 3895 1072 3988 abrumperes,
1095 3910 1202 3991 teque

140 4056 168 4119 tr
195 4060 291 4111 tuum
311 4060 358 4107 et
378 4042 471 4107 tanto
485 4020 666 4115 naufragio
683 4020 738 4089 vel
757 4016 872 4087 nudus
890 4017 1056 4110 eriperes,
1076 4021 1146 4093 Res
1163 4031 1201 4091 οι

150 4166 305 4239 ambus
325 4157 495 4233 historicis
517 4160 598 4223 uoltt
621 4153 690 4227 est,
710 4153 745 4212 et
772 4140 853 4209 mibi
882 4139 946 4231 ipsi
974 4141 1112 4213 illorum
1135 4166 1198 4217 ve-
