2670 4688
264 305 356 354 umen
378 304 883 356 vrunsrrrusrnurus.-nrrsrona
904 304 945 353 rr.
1101 290 1142 351 ⁹3

72 441 207 511 militas.
229 439 314 512 Veni
335 460 420 530 ergo
448 440 655 531 Pergamum
675 439 719 508 111
742 438 821 511 idus
841 438 992 511 octobris
1013 438 1058 510 ad
1079 461 1158 509 ve··

74 586 212 657 speram
238 564 363 635 eodem
383 565 441 634 illo
461 563 528 634 viae
545 562 633 634 duce
652 564 713 656 qui
727 562 880 634 hortator
893 564 1017 646 suerat,
1033 574 1069 635 et
1082 584 1141 634 su-

70 683 175 758 binde
196 686 368 779 trepidulo
388 708 432 756 ue
453 708 507 756 me
532 683 669 755 interim
696 685 830 756 consilii
862 686 1061 778 poeniteret,
1088 696 1140 758 at-

70 832 138 902 que
159 809 237 881 ideo
258 809 370 880 modis
387 808 547 879 omnibus
568 818 748 898 satagente
763 829 824 901 per
838 829 875 879 se
887 831 1019 902 perque
1037 808 1137 893 atine,

71 944 108 1002 ut
140 956 160 1033 a
192 952 299 1004 sensu
332 931 463 1003 itineris
495 930 747 1003 confabulando
779 931 980 1002 diverterer.
1021 933 1141 1023 ltaque

70 1056 209 1147 pianum
230 1055 295 1125 iter
319 1067 355 1126 et
379 1055 486 1127 breve
514 1077 583 1126 nou
618 1056 805 1126 sentientes
825 1053 972 1147 egimus.
993 1054 1140 1137 Quidam

70 1199 153 1247 vero
172 1199 228 1248 mo
247 1175 381 1248 nobiles
402 1176 574 1270 prosecuti
594 1188 693 1248 erant
716 1175 761 1248 ob
787 1176 823 1247 id
842 1178 995 1249 maxime
1012 1188 1049 1250 ut
1070 1188 1139 1248 tam

70 1297 192 1368 fervidi
219 1298 368 1371 hominis
394 1311 528 1371 secreta
553 1311 813 1391 cognoscerent.
837 1302 920 1372 Cum
948 1301 993 1373 ad
1020 1301 1140 1374 urbem

69 1419 175 1511 igitur
199 1431 342 1493 ventum
367 1432 476 1506 esset,
502 1432 538 1492 et
562 1419 607 1492 ab
632 1422 752 1494 amicis
777 1419 916 1493 obviarn
942 1423 1140 1517 progressis

70 1545 177 1613 multo
193 1565 271 1613 cum
293 1543 422 1635 gaudio
442 1543 612 1637 excipior,
630 1554 664 1615 et
680 1544 863 1638 apraeside
883 1545 1085 1637 provinciae,
1104 1532 1145 1616 et'

68 1664 192 1736 abebi
217 1667 323 1751 duce,
350 1678 385 1738 et
409 1689 430 1738 a
456 1667 665 1760 primoribus
691 1666 808 1760 populi
829 1669 985 1739 certatim
1012 1689 1073 1760 pro
1100 1687 1139 1738 se

69 1811 207 1882 quoquo
224 1789 373 1862 instante
392 1790 429 1860 in
449 1790 613 1884 palatium
634 1788 812 1884 publicum
832 1800 868 1861 et
887 1789 1051 1861 nobilium
1077 1789 1139 1862 do

69 1932 144 1982 mos
168 1933 289 1983 vocor:
311 1912 368 1984 iilo
388 1912 525 1984 interim
547 1912 633 1984 mire
652 1912 758 1984 anxio
782 1925 817 1985 et
843 1913 947 1983 tantis
976 1913 1139 2006 precibus

69 2045 215 2126 pavente
249 2055 292 2104 ne
324 2034 493 2106 vincerer.
521 2034 598 2106 Feci
629 2044 745 2106 autem
778 2034 872 2127 quod
904 2057 960 2106 me
993 2034 1136 2126 dignum

69 2156 214 2238 credidi;
241 2157 287 2228 ad
312 2157 503 2231 humilioris
536 2157 637 2229 amici
668 2158 811 2229 domum
839 2180 918 2230 cum
949 2158 1052 2230 sociis
1078 2158 1139 2230 de-

68 2279 197 2351 scendi.
217 2280 373 2352 {bivero
393 2281 517 2372 ingens
543 2292 744 2373 apparatus
767 2303 867 2353 coena
887 2304 955 2353 non
981 2280 1135 2363 fabrilis,

68 2424 135 2473 non
156 2402 410 2493 philosophica,
429 2403 493 2472 scd
514 2403 624 2494 regia,
644 2405 817 2473 thalamus
837 2414 997 2486 auratus,
1025 2402 1138 2473 cubito

67 2542 296 2614 purpureum,
315 2521 374 2589 ubi
391 2543 455 2591 nec
475 2521 624 2608 iacuisse
643 2545 710 2592 nec
726 2523 909 2593 iaciturum
929 2544 1011 2593 esse
1032 2525 1136 2592 alium

70 2648 250 2728 persancte
269 2638 373 2723 iurat,
397 2638 560 2710 librorum
579 2641 676 2733 copia
694 2662 761 2710 non
780 2640 966 2711 mechanici
986 2640 1048 2711 sed
1065 2650 1140 2711 stu-

68 2757 158 2831 diosi
180 2759 328 2832 hominis
348 2772 384 2832 et
405 2763 594 2834 litterarum
615 2762 853 2834 amantissimi.
876 2762 924 2834 tbi
944 2772 1079 2835 noctem
1098 2764 1138 2834 it-

68 2883 137 2951 lam
157 2883 310 2975 egimus:
331 2908 396 2957 nec
414 2910 565 2981 unquam
585 2896 666 2979 puto
683 2885 812 2958 laetiore
829 2886 965 2979 hospite
983 2889 1050 2960 ulla
1067 2908 1137 2958 nox

67 3016 144 3077 acta
163 3017 227 3078 est.
246 3008 353 3080 Tanta
373 3011 465 3081 enirn
487 3010 604 3082 laetitia
625 3009 811 3103 gestiebat,
833 3022 869 3082 ut
886 3011 1046 3085 timerent
1068 3012 1134 3095 sui,

66 3152 111 3200 ne
143 3130 229 3200 sorte
261 3131 295 3201 in
328 3132 488 3204 morbum
519 3144 580 3204 aut
612 3133 796 3206 amentiam
829 3144 1037 3216 verteretur,
1061 3133 1137 3203 sive

66 3247 160 3342 quod
181 3251 297 3322 multis
315 3255 396 3324 otim
421 3254 559 3341 accidit,
577 3257 681 3327 etiam
702 3256 738 3327 in
759 3267 914 3326 mortem.
943 3256 1027 3327 lnde
1051 3276 1137 3325 vero

67 3371 123 3442 die
144 3371 302 3464 proximo
334 3373 522 3447 honoribus
550 3386 586 3447 et
617 3397 788 3448 concursu
809 3377 986 3446 hominum
1011 3377 1134 3468 pulsus

67 3492 149 3576 abii,
168 3492 319 3587 praeside
344 3495 419 3587 ipso
443 3509 547 3588 atque
567 3499 643 3569 atiis
670 3501 777 3571 multo
802 3498 960 3591 pluribus
982 3499 1137 3587 longius-

68 3637 135 3707 que
155 3638 259 3708 quam
281 3618 403 3687 veliem
426 3619 681 3705 comitantibus,
709 3633 745 3692 et
768 3621 979 3692 amicissimo
1000 3621 1136 3714 hospite

68 3740 129 3809 vix
150 3762 266 3812 serum
285 3740 383 3811 lateri
403 3743 528 3812 avulso
544 3741 610 3813 sub
628 3755 761 3815 noctem
780 3746 854 3837 ipse
872 3765 932 3813 rus
951 3741 1046 3813 redii.
1068 3744 1136 3815 Ha-

68 3861 142 3945 beo,
165 3865 210 3933 mi
232 3863 325 3947 Neri,
352 3864 446 3955 quod
473 3863 533 3934 tibi
553 3885 622 3934 non
643 3866 854 3957 incognitum
875 3865 1045 3937 volebam.
1073 3867 1134 3939 Hic

68 3997 314 4059 nocturnarum
333 3989 556 4081 epistolarum
577 3990 675 4058 times
697 3989 752 4062 sit.
786 3992 857 4060 lam
878 3992 969 4062 onim
988 3994 1064 4063 hmo
1082 3993 1135 4062 iu·

67 4108 155 4196 gitor
174 4112 219 4182 ad
239 4133 398 4184 auroram
429 4109 612 4183 scribendo
646 4112 720 4184 tutit
751 4112 912 4208 impetnS,
934 4118 1133 4207 sessumque
