2834 5086
177 578 229 639 ldl
631 586 792 639 varmum

170 736 250 808 dem
277 736 476 817 continuas,
511 736 576 807 sed
604 757 684 807 cunr
718 736 754 807 in
782 734 841 805 illo
867 734 1034 829 temporis
1056 738 1181 829 spatio
1207 748 1267 811 ter

171 868 232 929 aut
255 870 379 951 quater
403 860 724 953 expergisceretur,
758 857 788 927 si
819 857 1051 951 interruptum
1084 878 1267 931 somnum

171 1002 387 1075 recuperare,
407 993 445 1053 ut
461 982 588 1065 evenit,
615 1003 685 1053 non
709 992 841 1074 posset,
863 980 1052 1053 lectoribus
1072 982 1133 1053 vel
1153 978 1264 1055 labu-

174 1104 341 1175 latoribus
366 1105 547 1175 accersitis
579 1114 743 1176 uteretur.
770 1103 819 1175 De
843 1104 969 1177 eodem
994 1102 1123 1195 legitur
1153 1104 1262 1197 qnod

170 1242 238 1300 tarn
261 1250 387 1324 parcus
407 1230 576 1321 temporis
596 1228 815 1322 dispensator
834 1229 937 1299 luerit
962 1238 1000 1299 nt
1023 1226 1117 1298 inter
1131 1249 1261 1303 come-

169 1350 322 1421 dendum
355 1347 614 1443 bibendumque
640 1350 771 1440 legeret
794 1362 854 1421 aut
878 1348 1057 1421 scriberet.
1082 1347 1163 1419 Tibi
1189 1372 1260 1423 au·

170 1484 238 1541 tem
260 1473 294 1543 in
317 1470 381 1541 boc
403 1472 576 1567 praecipue
601 1494 718 1543 rerum
745 1484 838 1544 statu
862 1473 948 1566 quid
971 1452 1160 1565 legendum
1190 1494 1258 1547 uu·

167 1595 381 1666 diendumve
394 1596 437 1665 sit
452 1596 684 1688 potiusquam
702 1597 872 1668 maiorum
890 1609 1027 1668 tuorum
1043 1616 1105 1667 res
1123 1606 1256 1687 geslae,

167 1728 201 1787 et
221 1738 368 1808 quorum
391 1718 486 1787 nulla
505 1715 714 1788 abundatior
739 1716 824 1787 urbs
853 1720 933 1788 est?
956 1716 1077 1788 Omnis
1103 1716 1256 1793 virtutis

166 1841 328 1931 exempla
367 1838 478 1910 babes
512 1841 715 1912 domestica.
753 1841 798 1911 Et
830 1862 914 1913 sane
950 1842 986 1909 in
1023 1838 1113 1911 libro
1152 1842 1255 1915 illins

167 1962 323 2033 Censorii
349 1961 488 2033 Catonis
522 1964 619 2035 senis
650 1966 798 2056 legimus
823 1965 943 2035 solitos
967 1984 1093 2035 canere
1119 1962 1167 2035 ad
1194 1976 1255 2039 tu·

165 2086 266 2157 bicen
294 2086 340 2158 dc
365 2089 538 2159 clarorum
567 2088 743 2159 bominum
771 2087 968 2159 virtutibus.
990 2086 1029 2159 ld
1048 2108 1118 2157 non
1138 2088 1254 2181 exigo

168 2210 343 2303 (quamvis
362 2222 399 2282 et
418 2211 484 2282 boc
502 2210 677 2283 interdum
699 2212 886 2285 scintillare
901 2212 1036 2283 animos
1050 2222 1087 2281 et
1101 2209 1152 2282 ad
1168 2210 1255 2283 irni-

166 2331 273 2403 landa
304 2334 538 2406 exardescere
558 2334 694 2417 laciatl:
725 2334 809 2404 mibi
840 2346 956 2405 autern
990 2332 1077 2404 satis
1107 2334 1189 2417 erit,
1219 2336 1252 2409 si

164 2474 280 2525 coram
303 2466 336 2526 te
356 2455 479 2527 crebro
506 2456 648 2527 Romani
673 2458 817 2527 annales
840 2462 877 2527 cl
903 2455 1059 2527 historiae
1084 2457 1252 2551 relegan-

165 2588 232 2646 tur.
253 2578 298 2646 Et
324 2588 436 2648 tecum
462 2579 604 2671 quidem
631 2580 811 2651 hactenus.

263 2700 333 2771 Vns
346 2723 431 2772 vero
441 2724 531 2773 nunc
544 2703 693 2795 prinlum
709 2702 783 2775 veri
796 2704 902 2783 cives,
918 2701 1132 2771 buncrirum
1147 2704 1251 2776 coeli-

165 2838 220 2897 tus
234 2823 334 2895 vobis
348 2825 494 2896 missurn
507 2825 652 2907 credite,
668 2826 760 2897 hunc
772 2836 808 2895 ut
823 2846 937 2895 rarum
952 2824 1014 2893 Dei
1033 2845 1164 2895 munus
1183 2848 1248 2899 cn-

163 2951 236 3033 lite,
259 2972 323 3043 pro
344 2951 454 3021 salute
479 2951 556 3021 eius
572 2952 707 3021 animas
726 2959 863 3019 vestras
880 2946 1054 3039 exponite.
1074 2945 1191 3018 Licuit
1210 2960 1251 3023 et

163 3069 228 3141 sibi
240 3095 319 3142 cum
335 3072 477 3163 reliquis
493 3072 525 3141 'ru
540 3071 683 3142 servitio
696 3071 888 3163 degereet,
899 3069 993 3162 quod
1007 3081 1074 3141 laur
1090 3090 1248 3161 magnus

163 3194 311 3285 populus
332 3207 453 3285 sponte
470 3193 639 3279 subierat,
655 3196 773 3284 iugum
789 3195 874 3285 pati:
896 3192 1005 3275 licuit,
1027 3192 1057 3262 si
1077 3189 1112 3263 id
1131 3195 1247 3267 mule-

162 3326 253 3385 stum
268 3314 455 3395 videretur,
475 3318 594 3407 procul
612 3338 630 3387 a
649 3328 835 3408 conspectu
856 3314 1057 3387 miserrimae
1073 3314 1175 3387 urbis
1191 3318 1248 3391 el-
1276 3384 1280 3391 .

161 3437 291 3528 lugere,
300 3446 344 3519 et,
353 3435 446 3529 quod
458 3440 629 3531 quosdam
644 3462 800 3513 summos
814 3440 910 3511 uiros
924 3439 1048 3512 lenisse
1060 3438 1242 3527 novimus,

161 3572 352 3650 spontaneo
372 3561 478 3630 exilio
504 3583 607 3635 suurn
633 3575 737 3657 capul
759 3563 977 3636 contumeliis
1001 3563 1148 3655 eripere.
1170 3564 1245 3641 lte-

162 3683 268 3753 traxit
291 3706 372 3753 eum
398 3686 494 3753 solus
519 3708 616 3758 amor
642 3686 775 3778 patriae,
802 3710 907 3781 quam
927 3709 1005 3758 cum
1027 3686 1061 3755 in
1081 3706 1125 3757 eo
1141 3696 1241 3763 statu

160 3803 323 3877 descrere
349 3807 569 3897 sacrilegium
596 3820 744 3902 putaret,
779 3810 814 3881 in
846 3810 912 3882 hac
944 3808 1009 3881 sibi
1040 3808 1241 3883 vivendum

159 3949 254 4009 essu,
279 3952 341 4021 pro
362 3931 427 4001 bac
447 3932 662 4002 moriendum
690 3935 809 4006 statuit
834 3936 991 4005 lurlnnas
1010 3945 1149 4004 vestras
1171 3934 1241 4007 mi·

160 4058 307 4121 seratns.
333 4053 369 4122 ln
395 4076 500 4145 quern
527 4055 737 4148 praecipitcm
764 4058 876 4129 locum
902 4056 1047 4140 venerit,
1080 4056 1238 4129 vidctis:

159 4193 259 4261 iurem
287 4178 371 4246 lertc
397 4201 441 4249 nc
466 4190 626 4251 corruat:
645 4181 803 4273 cogitate,
829 4203 961 4276 quaeso,
979 4180 1140 4274 quotiens
1164 4200 1237 4253 vus

160 4291 311 4380 periculo
337 4300 457 4371 mortis
489 4324 552 4395 pro
586 4304 741 4399 tyrannis
769 4301 1028 4397 superbissimis
1053 4309 1089 4372 el
1112 4300 1239 4393 ingra-

161 4408 304 4485 tissimis
329 4419 514 4507 obtulistiS,
534 4424 616 4495 durn
636 4428 727 4496 lcrro
747 4424 982 4497 decerneretis
1003 4445 1070 4494 non
1096 4420 1145 4492 uli
1173 4442 1236 4495 res
