2670 4688
120 221 161 283 94
456 223 498 273 DE
519 222 620 273 REBUS
639 221 862 273 resultamus

122 365 302 447 matut-inae
320 360 448 455 qnietis
472 359 636 432 admonet
666 361 857 456 soporifera
887 360 1004 435 noetis
1030 382 1136 459 pars.
1160 364 1209 439 'lu

122 491 204 562 vale
223 485 379 570 feliciter,
401 483 512 557 nostri
532 502 674 554 memor.
789 488 792 492 ’

263 631 370 705 Scripta
383 630 469 687 rurali
483 629 599 698 omnmo,
614 627 709 683 idibus
722 626 859 698 Octobris,
873 632 939 684 ante
952 628 1063 687 luosm.

531 1154 710 1222 smsrota
730 1154 786 1219 ΧΠ.

145 1325 340 1384 Futuctsctts
360 1325 528 1375 Purutuct
549 1324 725 1375 Fatoctsco
745 1323 851 1374 aarum
871 1320 915 1372 SS.
937 1320 1186 1381 APOSTOLORU!

593 1430 620 1480 S.
642 1431 670 1479 P.
691 1430 722 1479 l).

217 1594 306 1648 Suum
321 1588 450 1646 studendi
463 1589 591 1646 ardorem
605 1587 1119 1663 describitquotemporiranpmfiu
1182 1618 1185 1623 -
1244 1593 1248 1599 ·

543 1680 636 1735 laxare
650 1685 774 1735 conatur.

218 1948 417 2040 Angustum
439 1948 524 2018 vitae
543 1947 693 2038 spatium
713 1948 833 2020 laxare
856 1947 1036 2040 proposui.
1062 1948 1108 2023 ld
1131 1950 1206 2049 qui-

122 2070 190 2143 bus
211 2070 344 2141 artibus
368 2066 444 2140 fieri
469 2068 580 2160 possit
600 2066 807 2158 interroges:
828 2068 1104 2161 sagacissimum
1130 2076 1205 2171 qui·

123 2192 203 2264 dem
224 2201 360 2286 tempus
380 2197 449 2273 est,
471 2185 680 2280 lraeuarique
704 2189 774 2259 ullo
799 2189 937 2281 ingenio
962 2211 1034 2263 non
1072 2206 1201 2291 potant

125 2317 194 2387 Seu
216 2316 344 2407 sopito,
367 2336 432 2385 seu
458 2310 554 2404 vigili
581 2308 744 2383 labuntur
769 2310 881 2397 horre,
907 2313 1001 2399 dies,
1028 2336 1198 2405 mensas.

124 2440 222 2525 anni,
241 2440 385 2519 saecula3
406 2437 521 2509 omnia
540 2456 622 2530 quae
642 2433 709 2508 sub
728 2436 817 2509 ooelo
837 2448 933 2520 sunt,
955 2455 1042 2507 mor
1063 2452 1110 2515 ut
1130 2452 1203 2517 orla

125 2575 207 2631 sunt
226 2568 422 2654 properant,
448 2573 484 2634 et
508 2558 674 2634 adfinem
706 2581 808 2633 suum
829 2559 916 2629 mira
936 2558 1132 2637 velocitate
1151 2586 1206 2639 n-

123 2681 275 2771 piuntur.
296 2682 395 2753 Nulla
416 2682 640 2767 intermissio,
661 2684 755 2755 nulla
774 2682 889 2775 quies;
906 2702 974 2751 uon
993 2682 1112 2759 maior
1128 2686 1205 2763 die-

125 2823 201 2872 rum
222 2827 327 2896 quam
344 2805 494 2877 noctium
514 2808 596 2898 luga
612 2815 678 2889 est,
696 2826 743 2875 ex
759 2824 830 2895 quo
860 2801 982 2878 soliciti
1002 2808 1207 2896 prooedunt

124 2940 167 2989 ne
184 2942 321 3015 segnes,
342 2936 377 2997 ot
401 2928 463 3019 qui
486 2927 651 3001 videntur
676 2937 769 2998 stare
795 2926 966 2997 festinant.
993 2925 1072 2997 Non
1098 2940 1144 3003 ut
1166 2930 1205 3003 iu

126 3044 211 3117 nturi
245 3048 361 3121 ventis
392 3049 644 3123 alternantibus
676 3050 774 3122 varia
805 3048 993 3142 navigatio,
1017 3051 1204 3129 sedunus

126 3184 265 3259 lrnrtpor
296 3178 352 3241 ost
382 3172 466 3243 vitas
497 3193 624 3245 cursus
645 3171 745 3265 isque
765 3172 980 3246 celerrimus:
1014 3193 1200 3269 nunquam

126 3286 261 3373 taurelli
283 3312 529 3388 nunquamque
550 3295 742 3367 subsistere
761 3307 831 3380 est3
852 3306 1058 3388 tempestate
1082 3298 1203 3391 quali-

127 3404 183 3479 lrot
199 3416 234 3477 ot
250 3412 343 3483 narni
362 3424 467 3488 vento
484 3418 720 3510 provehimur.
739 3419 799 3490 His
816 3419 969 3503 mollior,
988 3419 1043 3490 his
1059 3419 1199 3511 durior,

127 3526 180 3599 lito
211 3530 360 3621 loopior,
396 3533 449 3607 liis
482 3536 622 3611 brevior
654 3540 728 3623 via,
761 3542 924 3615 omnibus
947 3564 1013 3614 una
1034 3543 1200 3619 celeritas

126 3660 188 3725 nst-
216 3652 288 3729 Nou
310 3654 432 3729 oorlom
452 3661 551 3744 calle,
579 3659 642 3733 sad
662 3660 784 3733 iisdem
805 3664 968 3759 passibus
989 3662 1198 3756 gradimur,

126 3762 347 3874 ¹rlttmotnrpm
369 3781 564 3855 trurnitibus
596 3804 717 3855 omnes
750 3807 857 3856 unum
886 3788 1037 3881 petimus
1064 3784 1197 3861 finem:

128 3926 188 3973 nor·
210 3898 285 3975 ttloo
304 3906 395 3999 rprtrnl
417 3904 471 3979 ltin
493 3906 549 3977 illo
569 3906 683 3976 serius
704 3909 869 3997 parvenit,
888 3909 1013 3982 lentius
1031 3909 1197 3986 incessit:

128 4024 188 4099 noll
213 4040 277 4101 ttw
299 4028 492 4123 plunnium
513 4038 548 4100 ot
568 4037 659 4100 meta
679 4025 842 4099 remotior
863 4028 941 4115 suit,
963 4052 1044 4124 quoe
1066 4054 1196 4124 quam·
