2670 4688
121 183 161 244 96
455 195 497 247 Μ
515 196 617 248 REBUS
636 197 858 253 ΙΑΙΙΙΛΙΙΙΉΒ
922 212 938 249 .·.
954 210 957 215 ·
972 222 988 243 ·.
1005 212 1010 241 r

121 331 397 427 ordiendumque
416 334 615 407 succiditur.
647 335 786 409 illorum
815 308 904 409 vero
934 334 1204 447 νῆα-’μισῶ

121 455 243 526 officiis
263 456 379 528 felices
398 457 589 551 otiosaeque
621 457 775 552 reliquiae
806 470 900 531 sunt.
929 459 1068 533 Horum
1093 460 1206 553 igitur

122 578 321 672 imperfecta
339 579 480 666 desinit,
503 581 638 654 illorum
659 583 810 677 perlecta
827 581 934 655 durat
951 580 1045 670 rita,
1066 594 1109 657 et
1128 595 1203 659 tum

121 701 263 774 demum
281 704 446 790 iucunda,
465 717 537 778 tum
555 727 641 778 vera
660 703 732 778 vita
752 724 835 779 esse
858 704 989 800 incipit,
1008 704 1102 781 dur
1122 730 1205 804 pere

120 828 207 899 secla
227 835 291 900 est.
313 825 397 899 Mihi
418 828 477 898 uni
494 848 542 899 ex
561 842 682 899 eorum
702 849 811 920 grege
827 827 887 922 qni
904 825 1062 901 medium
1084 830 1202 903 locum

122 959 253 1037 lenem,
275 952 330 1025 cui
351 973 414 1024 nec
430 951 515 1024 dum
532 960 683 1045 peracta,
701 950 818 1022 necin
836 951 977 1043 longum
992 952 1200 1047 cupiditatis

122 1075 265 1170 imperio
284 1074 531 1168 protrahenda,
553 1095 799 1167 nunquamque
818 1072 1019 1167 peragenda
1037 1075 1119 1150 vita
1134 1088 1198 1163 est,

119 1199 174 1270 eui
195 1198 336 1291 aliquid,
358 1198 414 1269 cui
435 1200 581 1270 multum
601 1197 707 1282 desit,
730 1195 794 1269 sed
814 1190 950 1269 linitum
972 1203 1120 1285 tamen,
1144 1199 1199 1273 cni

121 1331 291 1414 praeterea
310 1319 356 1390 ad
375 1320 572 1413 peragenda
595 1339 677 1414 quae
700 1328 867 1412 superant
890 1339 960 1391 non
986 1320 1112 1393 multis
1133 1342 1200 1395 sat·

119 1443 206 1515 culis
228 1445 274 1515 sit
292 1463 397 1533 opus:
425 1443 489 1516 sed
516 1453 648 1516 tantum
674 1451 830 1538 tempore
853 1462 943 1538 opus
968 1440 1034 1529 sit,
1055 1452 1096 1517 et
1115 1446 1199 1519 suh

122 1564 285 1654 temporis
310 1564 482 1655 angustiae
516 1567 717 1648 timeantur,
742 1587 784 1637 ea
807 1586 913 1657 quam
942 1562 1020 1637 dixi
1055 1565 1198 1643 laxant

122 1684 286 1777 temporis
308 1687 506 1758 necessaria
537 1708 595 1758 ars
628 1686 777 1759 videtur.
808 1686 846 1759 ld
879 1686 1016 1759 interim
1043 1710 1199 1783 quonam

123 1807 225 1880 modo
245 1808 319 1883 lieri
340 1821 445 1906 queat
464 1812 722 1906 percontabere.
742 1813 865 1885 Totum
879 1812 914 1883 iu
931 1809 1045 1906 ipsius
1064 1824 1200 1911 tempo

122 1932 169 2003 ris
189 1931 448 2029 dispensatione
467 1936 636 2007 consistit.
657 1935 821 2008 Funduut
839 1934 923 2006 vina
937 1932 1037 2019 ebrii,
1057 1932 1199 2011 obsessi

121 2053 225 2126 etiam
257 2057 358 2149 aquis
391 2066 553 2150 parenut3
585 2056 861 2150 prodigalitatem
896 2055 1012 2149 copia,
1050 2068 1199 2152 egenus

122 2159 367 2271 parsimoniam
388 2177 487 2272 parit.
509 2178 608 2273 Saepe
630 2177 697 2250 sub
715 2189 910 2250 extremum
930 2177 1017 2272 quid
1035 2178 1088 2252 ab
1106 2180 1200 2255 initio

122 2299 295 2391 agendum
317 2300 440 2372 suisset
460 2321 626 2396 apparere
643 2300 777 2394 incipit,
796 2300 902 2371 immo
923 2321 1110 2392 nunquam
1129 2304 1199 2379 ists

123 2421 305 2494 consilium
323 2433 359 2495 et
377 2426 522 2496 facultas
542 2434 676 2498 coeunt.
698 2422 809 2496 Hebet
828 2423 912 2496 illud
935 2422 1019 2496 dum
1040 2420 1128 2498 hoec
1147 2424 1201 2497 vi·

123 2558 192 2641 get,
226 2547 379 2640 dumque
410 2548 494 2622 illud
524 2549 726 2637 intenditur,
749 2548 826 2621 haec
847 2545 1021 2619 lentescit:
1041 2546 1203 2643 alloquin

123 2671 272 2744 feliciora
296 2683 417 2744 essent
439 2672 591 2747 humana
615 2673 770 2764 negotia,
798 2683 833 2742 et
858 2679 1038 2765 ceptorum
1074 2671 1202 2745 exitus

125 2793 284 2862 laetiores.
305 2792 403 2866 Nunc
423 2794 506 2865 mihi
527 2815 634 2867 nosse
654 2794 788 2887 incipit,
815 2792 919 2889 posse
944 2789 1089 2875 desinit,
1113 2794 1203 2869 rnal-

125 2915 190 2984 lem
212 2913 323 3008 prins,
338 2914 401 2989 sed
414 2939 482 2990 non
496 2926 551 2989 est
563 2917 723 2989 iuvenilis
738 2916 866 3008 ingenii
879 2913 1026 3007 tempori
1043 2916 1199 3006 pretinm

125 3041 311 3135 imponere.
343 3040 432 3110 Male
459 3039 550 3110 enim
579 3038 730 3112 aestimat
748 3039 908 3133 quisquis
927 3035 1104 3109 abundat:
1132 3056 1200 3134 pm·

122 3174 178 3234 est
194 3173 310 3235 autem
330 3159 523 3247 abundare,
540 3170 709 3255 quantum
729 3161 864 3235 adhaec
876 3161 1008 3246 attinet,
1028 3168 1064 3231 et
1083 3157 1200 3233 abnn-

124 3287 208 3359 dare
229 3307 269 3356 se
287 3283 442 3356 credere.
470 3284 644 3378 Siquidem
663 3307 761 3359 error
785 3285 898 3358 omnis
924 3304 992 3354 non
1014 3283 1048 3353 in
1072 3280 1195 3369 rebus,

123 3406 187 3478 sed
222 3407 256 3478 in
293 3406 454 3501 opinione
492 3407 661 3480 consistit.
698 3409 789 3480 Nulli
821 3407 1016 3480 mortalium
1052 3415 1196 3500 tempus

122 3529 285 3614 abundat,
301 3531 365 3603 sed
378 3529 525 3601 huiusce
546 3533 595 3602 rei
614 3533 791 3624 penuriam
806 3553 875 3603 non
888 3552 936 3603 ex
948 3549 1052 3622 aequc
1068 3549 1197 3603 omnes

123 3652 325 3745 intelligunt.
347 3653 518 3748 Equidem
539 3653 633 3725 omui
653 3657 745 3727 aetati
764 3657 877 3750 caligo
896 3654 1034 3728 venturi
1061 3661 1197 3745 tempo-

123 3774 170 3843 ris
184 3796 284 3869 aeque
298 3776 515 3863 suffunditur,
532 3776 683 3869 nihilque
696 3779 774 3872 plus
787 3779 872 3852 certi
893 3775 999 3849 habet
1016 3776 1195 3847 florentis-

122 3899 232 3970 simus
251 3901 468 3987 adolescens
490 3924 594 3996 quam
611 3921 806 3994 procurvus
821 3911 858 3973 et
872 3900 1044 3994 capularis
1065 3919 1192 3985 senex,

121 4021 186 4093 nisi
206 4025 301 4116 quod
315 4027 393 4118 plus
408 4036 535 4120 sperat,
553 4045 666 4118 eoque
683 4023 814 4118 saepius
832 4034 869 4096 et
886 4023 1028 4114 gravius
1045 4023 1111 4094 hac
1128 4042 1193 4114 spe
