2670 4688
314 292 406 342 urana
427 290 927 343 transmontanus-arumna
952 292 992 340 tv.
1148 278 1188 339 63

121 431 250 522 algenti
281 431 486 523 proximum,
522 429 698 520 multaque
725 448 838 498 rerum
874 429 1009 500 sarcina
1029 448 1188 520 pressum

121 552 248 645 pariter
273 573 313 622 ac
337 552 536 624 defessum:
564 571 664 621 mens
689 550 809 621 mundi
834 550 913 622 odio
938 564 974 624 et
998 551 1052 623 sui
1078 563 1189 623 status

120 675 349 746 aestimatlone
370 673 589 745 subtristior:
613 694 680 743 non
701 671 781 764 quia
803 673 936 744 senium
957 672 1055 745 iuxta
1070 686 1132 761 est,
1154 675 1191 747 id

120 796 213 867 enirn
238 795 356 887 gaudii
381 796 574 897 materiam,
602 792 848 867 resolutionem
873 796 1083 888 proximam,
1105 795 1190 868 coeci

120 919 269 991 carceris
293 919 443 1003 exitum,
477 938 518 989 ac
541 916 656 989 moesti
689 915 785 987 exilii
812 915 915 987 linem
943 916 1102 1009 spondet;
1129 917 1191 989 sed

120 1040 202 1133 quia
228 1042 318 1112 lente
340 1039 525 1113 admodum
547 1049 583 1110 et
609 1041 722 1111 serius
744 1039 919 1131 aliquanto
938 1061 1043 1132 quam
1068 1043 1190 1113 vellem

120 1164 274 1236 inventae
291 1163 424 1255 laqueis
443 1160 625 1234 absolutus
643 1183 732 1233 snrn.
753 1160 865 1234 Viden
886 1164 998 1235 amice
1017 1184 1123 1256 quam
1139 1164 1193 1236 di-

121 1286 235 1357 versis
257 1284 455 1357 tramitibus
475 1285 521 1357 ud
542 1306 644 1357 unam
666 1297 791 1358 metam
812 1286 1002 1378 pergimus.
1025 1264 1193 1380 lmo'qui-

121 1407 200 1478 dem
226 1428 333 1503 propa
353 1430 424 1480 uno
449 1409 535 1480 colle
555 1408 745 1500 gradimur,
766 1406 838 1492 sed,
857 1416 897 1478 ut
921 1405 968 1492 lit,
987 1407 1063 1480 aliis
1086 1421 1192 1503 atque

121 1530 198 1602 aliis
217 1529 286 1600 viae
308 1529 440 1626 spatiis.
465 1528 529 1600 Ubi
550 1549 589 1601 es
610 1529 671 1614 lui,
692 1528 750 1601 ubi
770 1550 848 1601 sum
869 1528 950 1602 eris.
973 1531 1094 1625 ltaque
1111 1529 1191 1602 linis

120 1652 213 1723 idem
234 1652 408 1726 internos
433 1652 617 1724 amicitiam
637 1653 728 1733 lacit,
750 1651 905 1724 euntium
927 1654 1104 1747 imparitas
1130 1676 1193 1726 va-

121 1778 191 1848 rios
208 1777 289 1848 lecit
309 1775 454 1848 affectus
471 1796 586 1868 nsque
602 1776 690 1848 adeo
706 1786 746 1846 ut
761 1775 933 1847 silentium
954 1799 1082 1862 meum,
1099 1777 1194 1870 quod

120 1899 213 1992 apud
233 1910 267 1971 te
288 1899 444 1970 mirabile
463 1909 534 1984 est,
553 1908 589 1970 et
608 1920 704 1971 more
723 1898 911 1972 amantium
931 1901 1115 1993 exquisitis
1134 1920 1193 1971 co-

120 2020 253 2093 loribus
274 2030 479 2104 excusatur,
501 2021 593 2115 apud
612 2042 669 2092 me
688 2042 758 2093 non
777 2020 980 2093 excusabile
1001 2019 1104 2093 modo
1129 2021 1193 2094 sed

121 2144 355 2218 necessarium
381 2145 437 2229 sit,
462 2154 501 2217 el
525 2143 719 2217 mirandum
751 2143 876 2236 potius,
910 2144 1005 2238 quod
1025 2143 1115 2215 inter
1144 2155 1194 2216 tot

123 2267 355 2341 obsidentium
381 2290 437 2341 me
461 2290 624 2341 curarum
656 2269 849 2361 strepitum,
872 2288 1031 2340 seorsum
1063 2265 1194 2359 aliquid

123 2392 218 2482 loqui
235 2401 348 2461 vacat.
368 2391 502 2460 Durum
523 2390 558 2460 id
580 2389 640 2459 tibi
661 2390 802 2482 quidem
825 2403 860 2461 ut
879 2391 1041 2484 suspicor
1058 2388 1193 2472 auditu,

124 2530 247 2579 verum
272 2529 379 2599 perge
403 2510 547 2580 feliciter
570 2522 606 2580 et
624 2512 717 2580 vive.
743 2511 830 2580 Cum
855 2511 997 2582 veneris
1021 2533 1092 2602 quo
1115 2533 1194 2604 per

124 2626 213 2708 veni,
228 2647 350 2699 cernes
370 2628 479 2699 oculis
501 2629 548 2700 ita
573 2649 654 2699 esse
673 2639 712 2700 ut
731 2632 865 2721 loquor,
887 2629 1002 2720 etqui
1023 2628 1108 2699 mibi
1131 2631 1195 2698 vix

123 2747 298 2832 aedanus,
326 2748 431 2822 rebus
451 2748 575 2822 credes
596 2760 633 2821 et
657 2748 715 2821 tibi
736 2750 889 2844 perinde.
911 2750 975 2832 lle,
998 2749 1121 2842 siquis
1140 2761 1196 2821 est

123 2891 217 2957 usus,
235 2873 310 2944 iure
326 2884 386 2944 tuo
407 2882 514 2954 ntem,
536 2873 641 2966 inque
659 2873 780 2945 amicis
799 2882 894 2945 certa
907 2871 1035 2945 fiducia
1054 2872 1191 2945 habeto.

123 2994 266 3066 Silentio
286 3008 401 3068 autam
421 3017 500 3069 meo
519 3017 631 3090 puroe,
650 3018 764 3089 neque
781 2995 921 3068 crebras
942 3018 1056 3091 neque
1074 2998 1195 3087 longas

119 3119 285 3211 epistolas
305 3141 351 3191 ex
375 3141 433 3192 me
453 3141 586 3214 speres.
611 3121 719 3192 Multa
738 3141 820 3214 qum
838 3121 943 3193 modo
969 3119 1052 3190 milri
1073 3118 1194 3190 solatio

119 3250 232 3324 erant,
254 3253 293 3312 ut
312 3241 463 3314 humanu
483 3244 681 3338 rapiuntur,
704 3244 770 3315 iam
793 3244 960 3339 supplicio
981 3251 1073 3314 sunt.
1094 3241 1190 3311 Vale.
