2670 4688
120 310 178 371 tta
456 322 498 369 un
518 321 620 370 rruuus
642 319 865 369 murmannus

120 464 249 537 Laeiius
276 463 341 533 hoe
365 466 536 535 constanti
558 464 687 534 homini
714 484 820 555 posse
842 465 1042 553 eoiningere
1068 474 1107 535 ut
1134 468 1204 536 utta

122 587 333 658 intermissio
352 586 413 659 fiat
432 587 547 670 offieii,
567 586 651 679 quid
668 606 732 655 nos
751 586 796 657 de
813 607 978 680 supremo
995 599 1030 657 et
1049 589 1207 660 maximo

121 710 311 781 officiorum
326 710 480 781 omnium
495 708 827 780 arbitremur‘iNihit
841 709 1206 803 omninoeveuirepo·

124 841 205 915 test,
224 834 318 924 quod
338 834 369 902 iu
393 844 425 902 te
442 831 654 902 oblivionem
677 842 826 904 excuset
851 833 998 924 imperim
1012 853 1106 903 eurae
1123 834 1206 904 aliae

123 966 156 1025 te
173 964 358 1033 exornant,
377 954 455 1023 haee
473 952 618 1046 perficit,
637 977 830 1045 verumque
847 954 926 1025 facit
944 956 1204 1047 Imperatorem.

122 1079 243 1171 itaque
265 1078 368 1148 huius
388 1085 424 1145 et
451 1077 659 1167 reliquarum
682 1099 749 1147 uon
769 1099 836 1147 uua
859 1078 946 1149 ratio
962 1089 1026 1148 est.
1049 1078 1206 1149 Caeteras

123 1198 210 1273 sorte
235 1198 374 1269 differre
395 1198 511 1291 possis
539 1200 594 1267 vel
620 1197 785 1267 abiicere:
807 1198 892 1281 haeo,
910 1197 993 1268 dum
1018 1198 1064 1269 tui
1085 1202 1208 1270 memi-

125 1321 230 1404 neris,
245 1319 385 1391 ossibus
400 1339 540 1410 semper
556 1339 596 1387 ao
612 1316 811 1409 praecordiis
830 1318 962 1389 haereat
973 1329 1120 1414 oportet.
1135 1320 1208 1391 lttie

123 1445 216 1514 enim
230 1443 354 1524 decus,
374 1441 429 1511 hio
446 1439 615 1523 debitum,
634 1439 689 1509 eui
711 1438 837 1509 deesse
856 1451 979 1531 praeter
996 1464 1115 1512 curam
1133 1443 1209 1532 gio-

124 1566 201 1646 riae,
224 1562 304 1635 fidoi
325 1583 465 1655 quoque
488 1572 666 1654 respectus
689 1570 793 1632 vetet.
816 1560 902 1631 Nam
918 1561 1012 1652 qnod
1026 1562 1092 1644 ais,
1115 1562 1205 1632 idem

126 1682 187 1753 tibi
214 1683 342 1755 licitum
364 1683 458 1775 quod
482 1681 575 1765 mihi,
603 1704 672 1753 non
699 1683 746 1752 ita
770 1693 839 1754 est:
863 1684 970 1754 multa
996 1682 1077 1753 mihi
1104 1686 1209 1755 licent

124 1826 207 1899 quaa
232 1829 299 1878 non
335 1807 411 1877 tibi:
439 1807 490 1876 sic
514 1817 549 1876 et
573 1804 711 1876 famulis
736 1809 843 1877 multa
872 1806 959 1877 meis
985 1809 1100 1890 licent,
1127 1830 1210 1901 quaa

125 1928 208 1998 mihi
228 1940 310 2000 suut
328 1930 446 2002 vetita.
465 1930 639 2012 Quantum
662 1932 788 2001 erescit
806 1931 927 2013 honor,
948 1943 1081 2004 tantum
1103 1935 1211 2003 lieen-

125 2049 173 2122 tia
184 2050 369 2136 decrescit,
387 2061 628 2144 quantumque
646 2052 687 2122 iis
705 2052 872 2143 gradibus
886 2052 1117 2135 adscendens,
1135 2066 1210 2125 tau-

127 2182 200 2243 tum
222 2172 289 2275 iilis
310 2174 537 2245 descendisse
561 2186 593 2244 te
610 2172 763 2244 noveris.
790 2172 878 2255 Seis,
901 2174 1095 2263 imperator,
1123 2178 1211 2264 quid

126 2296 291 2367 fundator
317 2296 449 2391 imperii
475 2295 630 2369 dixerit?
655 2294 697 2362 In
721 2297 874 2363 mearirna
902 2298 1038 2383 fortuna
1070 2297 1211 2363 mr'nimn

128 2419 261 2491 licentia
280 2430 337 2489 est.
360 2418 453 2503 Quid
469 2419 564 2513 quod
583 2419 730 2510 patriam
747 2415 858 2511 ipsam
878 2425 971 2489 tuam
993 2419 1087 2489 nulio
1107 2418 1212 2491 modo

130 2542 242 2635 magis
266 2542 455 2625 amaveris,
483 2543 578 2611 nutto
611 2541 727 2612 studio
759 2540 872 2633 magis
897 2543 1080 2613 ornareris
1106 2564 1210 2633 quam

132 2686 252 2735 nomen
274 2663 385 2759 ipsius
397 2684 502 2756 quam
520 2665 689 2734 latissime
705 2664 941 2754 divulgando?
958 2665 991 2733 Si
1010 2664 1213 2757 Alexander

135 2808 174 2859 se
191 2788 279 2859 intra
293 2784 382 2857 fines
395 2784 609 2859 Macedoniae
625 2787 810 2869 tenuisset,
830 2809 897 2855 non
918 2797 985 2855 tam
1009 2799 1126 2856 notum
1141 2786 1214 2856 itia-

138 2908 302 2983 aadouum
317 2930 442 2981 nomen
462 2918 568 2979 esset.
583 2907 670 2989 Quis
687 2916 788 2997 putas
807 2907 919 2995 magis
938 2916 1031 2976 amet
1049 2930 1210 2989 uxorem,

146 3058 189 3107 ι
203 3036 260 3127 qni
278 3034 431 3105 omnium
451 3030 635 3123 negligens
656 3029 717 3099 din
738 3040 914 3119 noctuque
934 3028 969 3097 in
991 3027 1081 3099 ittius
1104 3029 1214 3100 haeret

150 3152 370 3251 denibus,
387 3174 431 3225 uu
448 3151 560 3246 quint
576 3150 826 3220 iliamhoueste
841 3147 1057 3241 ubertimque
1076 3148 1213 3232 educet,

154 3276 586 3375 nhperegnnatiouem
605 3270 746 3362 refugit,
761 3271 891 3341 nntium
911 3273 1024 3343 renuit
1037 3271 1216 3341 laborem?

161 3406 220 3477 {ss
236 3404 293 3475 ii
305 3400 447 3495 ugnus
465 3420 562 3471 amor
578 3396 696 3469 odium
715 3396 771 3465 sit.
785 3396 968 3489 Nunquam
983 3399 1126 3465 Romam
1142 3414 1217 3463 ma-

174 3530 349 3601 asma
358 3526 530 3599 Africanus
542 3541 645 3615 quam
659 3518 752 3602 dum,
767 3519 824 3590 illa
837 3521 963 3602 relicta,
976 3518 1060 3589 adiit
1074 3513 1217 3586 Cartha·

184 3678 292 3727 n.
307 3654 418 3725 ludes
434 3648 572 3722 affectus
586 3653 623 3715 et
638 3642 772 3713 externi
789 3644 940 3713 monitus
953 3642 1140 3731 coniugum
1157 3660 1218 3708 na·

207 3804 353 3855 ι·-
364 3800 403 3849 tr
414 3770 597 3869 uulgarium
610 3766 797 3839 amicorum
811 3765 891 3836 attis
903 3764 1058 3834 consiliis
1077 3784 1219 3855 semper

227 3928 320 3975 m
346 3890 647 3975 §.dissuades
675 3908 777 3960 aures
812 3889 984 3981 Ulyxeum
1006 3888 1041 3956 in
1067 3908 1216 3969 morem,

271 4054 294 4097 a
308 4016 702 4101 rmfflsueuum
724 4010 812 4080 inter
830 4009 992 4100 scopulos
1012 4008 1218 4079 eradamus.

273 4148 774 4247 ·=-·''1-ssp,qnumtrram
794 4130 892 4215 dicis,
914 4131 975 4200 iuit
997 4130 1136 4221 quidem
1155 4129 1219 4200 sed
