2670 4688
176 306 234 367 ott
631 315 791 364 nlullanu

175 462 301 554 accipe.
317 459 426 530 Nemo
443 462 513 532 lere
530 471 585 530 est
601 460 699 530 cuins
718 460 831 551 aliqua
848 478 915 528 non
935 457 1249 549 reprehendantur.

176 585 250 657 Nou
273 594 341 654 tam
364 581 490 655 subtile
510 605 615 675 quam
638 582 848 653 laboriosum
866 582 968 652 luerit
985 602 1056 651 rem
1074 579 1249 672 exemplis

175 728 343 779 asserere.
369 707 474 777 Verte
506 707 791 800 Philosophorum
831 705 937 775 libros
969 725 1010 775 ac
1040 704 1246 774 Sanctorum

174 829 404 924 quorumdam
425 852 573 922 qnorum
598 829 766 901 celebrior
787 830 876 899 lama
897 839 966 900 est:
988 828 1093 897 multa
1113 824 1247 918 passim

175 951 268 1047 apud
288 954 364 1024 illos
385 954 441 1025 vel
459 952 503 1024 ah
521 953 606 1045 ipsis
623 954 679 1023 vel
698 951 742 1023 ab
759 952 835 1022 aliis
853 960 1050 1033 retractata,
1070 969 1131 1019 seu
1149 957 1249 1019 certo

176 1076 394 1150 retractanda
432 1076 633 1168 comperies.
672 1074 793 1146 Notavi
829 1094 896 1164 ego
934 1073 1065 1165 aliquot
1101 1071 1249 1140 Senecae

171 1173 379 1283 sententias,
399 1199 460 1270 sed
481 1207 517 1269 at
537 1198 693 1280 arbitror,
714 1219 780 1267 non
795 1196 939 1278 iniuste;
958 1194 1074 1266 notavi
1093 1194 1246 1285 aliquas:

175 1321 279 1395 crede
301 1321 395 1403 mihi,
417 1322 536 1414 plures
557 1330 725 1412 poteram;
753 1328 923 1390 ettamen
944 1319 1109 1387 Senecam
1131 1314 1247 1407 ipsum

177 1445 281 1516 miror
294 1466 334 1515 ac
346 1465 503 1515 veneror.
520 1441 643 1514 Notavi
657 1442 830 1513 Ciceronis
853 1440 921 1511 mei
945 1439 1092 1510 unicam.
1115 1437 1247 1506 Varum

176 1565 212 1637 id
229 1589 296 1638 non
316 1569 366 1638 sic
383 1565 491 1659 accipi
511 1567 629 1648 velim,
648 1575 686 1636 ut
702 1565 802 1658 quasi
823 1564 945 1635 alienae
965 1564 1065 1632 lamae
1082 1559 1248 1631 delatoris

177 1672 276 1761 titulo
296 1688 547 1781 gloriabundus
564 1690 739 1774 insultem,
762 1687 825 1760 sed
846 1697 884 1757 ut
903 1708 949 1756 ex
971 1685 1075 1756 unius
1098 1684 1245 1756 hominis

176 1810 312 1885 duabus
334 1812 483 1883 invicem
505 1814 687 1884 contrariis
711 1810 891 1884 sententiis
913 1810 1112 1903 praeferrem
1131 1806 1245 1877 verio-

176 1954 265 2018 rem,
293 1934 398 2028 idque
416 1957 483 2007 non
505 1946 724 2026 arroganter,
748 1934 864 2026 utqui
885 1955 940 2004 me
963 1954 1030 2003 noa
1053 1929 1155 2002 modo
1180 1911 1256 2000 non
1295 2032 1298 2036 p

113 2130 116 2135 ,
177 2058 301 2130 interro
323 2058 524 2157 maioribus,
545 2058 609 2130 sed
624 2080 686 2130 neu
700 2057 842 2150 paribus
858 2062 1014 2129 conferre
1032 2076 1095 2126 nec
1111 2054 1252 2127 minori-

176 2178 243 2252 bus
277 2184 440 2273 praelerre
468 2181 732 2262 consueverim;
765 2203 829 2253 nec
855 2181 1020 2252 iniuriose
1044 2177 1189 2271 quidem
1216 2188 1252 2250 nt

176 2303 242 2388 cui,
264 2304 381 2385 fateor,
408 2304 573 2376 Cicerone
594 2305 670 2397 ipso
699 2304 904 2400 scriptorum
930 2305 1045 2375 nullus
1077 2304 1254 2397 acceptior

178 2427 230 2499 sit.
258 2426 351 2499 lllam
384 2426 500 2520 itaque
533 2429 780 2501 sententiarum
803 2427 1065 2523 repugnantiam
1087 2429 1255 2518 quamvls

177 2549 222 2622 ab
254 2549 394 2621 ineante
427 2560 530 2622 aetate
563 2552 834 2646 perpenderem,
869 2562 983 2623 tamen
1017 2551 1255 2622 verecundius

177 2672 397 2758 asserebam,
419 2672 529 2745 donec
556 2674 732 2746 civitatem
754 2672 832 2758 Dei,
855 2672 1050 2764 Augustino
1068 2670 1172 2755 duce,
1201 2674 1254 2743 in-

177 2818 331 2890 gressus,
347 2796 575 2868 animadverti
593 2796 790 2888 opinionem
805 2817 915 2866 meam
934 2795 1026 2866 illius
1046 2795 1253 2866 auctoritate

177 2919 317 2990 firmari.
339 2921 453 3009 Leges
484 2920 578 2990 illum
604 2920 791 3011 Augustini
812 2922 946 2990 locum:
965 2930 1153 2991 estantem
1179 2941 1252 2989 ma-

178 3042 236 3136 gni
269 3040 384 3133 operis
417 3039 521 3112 Libro
551 3040 661 3134 primo
688 3041 781 3114 haud
807 3045 924 3134 procul
950 3066 970 3114 a
996 3041 1074 3112 fine.
1108 3040 1253 3114 Videbis

178 3167 245 3237 illic
267 3165 406 3236 Catonis
428 3165 657 3236 voluntariam
680 3179 824 3238 mortem
842 3164 1039 3259 improbari,
1062 3186 1168 3258 quam
1191 3164 1253 3236 Se

178 3309 263 3360 neca
288 3298 367 3358 ante
392 3286 508 3358 omnia
543 3288 609 3359 viri
641 3288 731 3360 illius
764 3289 906 3382 egregia
940 3290 1028 3361 lacta
1064 3286 1250 3359 collaudat.

179 3411 296 3483 Cicero
329 3420 445 3480 autem
477 3421 638 3492 excusat,
673 3424 708 3481 et
740 3411 820 3483 lieet
850 3413 1024 3505 aliquanto
1057 3410 1251 3482 modestius

179 3555 248 3604 non
267 3556 389 3625 negem
411 3555 584 3604 excusare
603 3535 738 3626 culpam
764 3559 868 3628 quam
894 3535 1048 3618 laudare,
1077 3543 1191 3604 tamen
1219 3536 1250 3604 si

178 3655 362 3748 Augustini
384 3656 534 3728 rationes
554 3657 646 3728 dicto
666 3660 836 3744 conteras,
859 3658 1030 3749 intelliges
1061 3678 1125 3728 nec
1151 3666 1250 3729 metu

179 3779 387 3850 imminentis
421 3779 512 3861 mali,
547 3801 610 3850 nec
641 3781 821 3873 praesentis
852 3782 947 3866 odio,
977 3803 1041 3852 nec
1066 3801 1128 3874 spo
1164 3779 1252 3852 vitae

179 3900 330 3970 melioris
356 3902 597 3975 arcessendam
625 3915 784 3986 mortem,
808 3925 871 3974 uec
888 3904 1023 3975 iniussu
1043 3903 1156 3973 elusa
1179 3924 1253 3994 quo

178 4037 303 4108 corpus
324 4021 417 4095 istud
438 4027 650 4120 accepimus,
672 4022 926 4112 emigrandum,
957 4047 1019 4096 nec
1048 4021 1188 4095 Catonis
1214 4024 1253 4094 in

180 4147 297 4224 morte,
311 4164 354 4214 ne
367 4143 479 4217 dicam
497 4147 632 4221 lauder
663 4145 723 4184 “⁴
739 4150 998 4222 exeusationem
1018 4150 1122 4219 ullam
1142 4168 1251 4220 esse:
