2670 4688
547 305 701 355 narsrona
724 308 775 356 vu.
1144 296 1200 360 531

123 466 214 517 mus.
231 446 404 521 Caeterum
422 447 605 540 utriusque
622 445 707 519 mihi
723 445 962 519 admirationis
981 450 1107 521 molem
1130 471 1202 523 me·
1319 518 1322 533 ,

122 566 244 640 ditatio
263 567 444 641 confestim
471 570 689 663 subsequuta
713 566 892 642 discussit.
926 570 1079 643 Printnm
1104 571 1202 643 enim

123 690 360 783 quod-attinet
379 691 425 763 ad
443 691 617 765 orationis·
630 693 772 769 eximiae
793 678 1030 777 venustatem,
1049 694 1124 769 snio
1142 715 1203 766 na·

123 812 281 883 tnraliter
314 814 431 886 inesse
459 814 621 885 formosis
647 824 685 884 ut
711 814 781 885 sint
805 833 878 907 prae
900 812 1041 886 caeteris
1070 812 1116 887 de
1140 836 1203 893 au-

124 931 240 1022 gendo
276 935 520 1028 servandoqne
551 933 680 1009 decore
712 936 869 1009 solicita.
908 937 997 1009 Hine
1035 957 1130 1009 non
1137 956 1203 1009 sno

126 1063 272 1140 tantum,
297 1056 360 1127 sed
381 1057 493 1129 alieno
512 1068 698 1131 comuntur
722 1058 880 1143 arbitrio,
901 1080 978 1133 nee
1005 1042 1203 1133 accuratius

125 1197 166 1248 se
186 1160 256 1249 ulla
274 1178 521 1272 circumspicit,
540 1190 591 1252 et
594 1180 741 1257 mendas
758 1168 996 1274 quantaslibe
1096 1181 1204 1253 itatnr

113 1297 160 1368 -in
186 1303 341 1392 speculo,
376 1324 480 1394 qnam
515 1323 596 1395 quaa
627 1324 704 1374 suae
730 1302 858 1375 iormae
892 1320 1007 1394 praece
1031 1276 1144 1373 sotis
1148 1310 1204 1375 est

125 1420 273 1493 conscia.
301 1410 344 1491 Et
368 1443 452 1493 sane
481 1423 514 1493 in
547 1424 689 1515 egregia
711 1423 797 1494 taoie
819 1420 977 1495 delectus
1003 1421 1117 1493 omnis
1142 1442 1203 1518 ap·

126 1552 224 1634 paret
243 1543 453 1637 offenditque
472 1547 592 1615 oeulos
612 1545 782 1638 quidquid
808 1547 865 1618 vel
892 1547 1074 1618 minimum
1101 1567 1122 1617 a
1147 1569 1203 1619 re·

126 1663 208 1756 liqui
229 1667 301 1735 oris
321 1663 472 1738 candore
492 1666 680 1738 discordat.
711 1665 756 1739 Αι
789 1677 909 1740 eontra
934 1669 989 1741 cni
1025 1669 1111 1739 satis
1136 1688 1202 1739 sna

125 1783 319 1878 displicent,
347 1808 472 1858 secura
505 1786 735 1880 progreditur,
762 1797 799 1860 el
823 1790 927 1861 alium
954 1789 1000 1860 de
1033 1809 1087 1872 so,
1115 1791 1201 1861 eatis

125 1909 201 2001 ipsa
220 1908 284 1981 sibi
302 1920 400 1992 nota,
420 1932 486 1983 nou
503 1912 665 1992 consulit,
685 1920 750 1983 nec
767 1913 909 2004 speculo
927 1912 996 1982 iam
1015 1910 1200 1996 creditura,

127 2052 191 2103 nec
208 2030 340 2105 amicae.
361 2031 451 2103 Nihil
473 2010 580 2124 igitur
601 2032 677 2104 miri
702 2043 759 2105 est
783 2033 814 2103 si
839 2032 949 2105 oratio
973 2054 1114 2127 qnoque
1137 2054 1202 2104 ve-

125 2164 197 2225 stra
214 2154 249 2225 in
266 2153 442 2249 publicum
460 2163 609 2226 ventura
626 2153 789 2227 subsistit
806 2174 1009 2248 parumper,
1025 2165 1061 2227 et
1077 2154 1123 2228 de
1143 2176 1202 2227 co·

126 2275 257 2347 loribus
278 2279 353 2348 suis
374 2277 471 2348 alteri
492 2275 636 2349 eredere
657 2278 790 2348 mavult
809 2297 913 2370 quarn
937 2275 1014 2346 sibi.

223 2396 323 2478 Quod
355 2405 472 2467 autem
492 2395 527 2467 in
549 2396 615 2467 huo
640 2418 690 2476 re,
713 2397 746 2465 in
770 2405 864 2467 tanta
891 2394 995 2483 turba
1019 2395 1199 2469 doctorum

124 2516 276 2588 hominis
296 2517 399 2589 unius
420 2515 549 2589 indocti
569 2514 750 2587 oonsiu'um
772 2514 968 2608 delegistis,
986 2526 1092 2615 atque
1112 2515 1202 2589 intra

127 2648 192 2723 tot,
226 2648 263 2711 nt
293 2640 341 2711 ita
372 2639 537 2721 dixerim,
576 2637 684 2708 linces
723 2640 848 2709 cardus
885 2638 977 2728 talpa
1013 2636 1202 2711 luminibus

126 2762 267 2854 placuit,
299 2783 368 2834 non
397 2773 529 2845 vester,
557 2759 620 2833 sed
646 2756 776 2833 amoris
803 2764 860 2829 est
883 2779 997 2839 error,
1022 2756 1136 2840 cuins,
1162 2768 1201 2833 ιιι

125 2883 254 2991 nouis,
278 2905 373 2975 pasca
407 2882 521 2956 solent
545 2902 625 2954 esse
645 2874 789 2953 iudicia.
810 2878 999 2951 Consilium
1019 2854 1201 2973 oecidepdi

125 3005 210 3079 tutti·
226 3008 395 3093 Caesaris,
424 3027 496 3100 qno
529 3005 661 3076 nullom
688 3024 842 3095 unquam
869 3001 1006 3075 maius
999 2988 1060 3073 de
1087 3008 1200 3073 morte

125 3130 202 3221 puri
229 3129 380 3201 hominis
406 3130 574 3220 agitatum
600 3135 672 3213 est,
696 3123 850 3197 noudum
872 3126 928 3197 vel
950 3125 1045 3197 ιιιιιιι
1066 3121 1199 3237 syllaba
1265 3169 1269 3177 -

124 3259 231 3325 extra
247 3252 420 3346 principes
445 3226 695 3323 coniurationis
717 3248 914 3320 effluxerat.
940 3232 1101 3342 idipsnr'd'
1113 3266 1199 3321 eon·

125 3371 339 3447 innatorum
341 3372 513 3467 princeps
544 3371 588 3442 Μ.
613 3371 745 3441 Brutus
773 3369 829 3439 vir
858 3389 939 3441 acer
969 3378 1005 3441 et
1033 3378 1199 3441 strenuus

125 3494 170 3566 ad
195 3514 273 3566 eam
298 3490 510 3566 diem'viris
542 3491 764 3566 amicissimis
794 3488 1061 3583 diligentissime
1083 3489 1201 3561 oucul-

125 3628 245 3702 tatum,
269 3615 370 3688 uxori
391 3615 542 3710 propriae
561 3610 783 3709 dissimulare
799 3636 869 3687 non
887 3609 1013 3706 potuit,
1033 3608 1200 3707 quodque

122 3742 187 3813 vix
219 3730 310 3832 apud
342 3760 384 3812 se
410 3739 524 3832 ipsum
553 3736 677 3811 tacitus
700 3737 777 3809 sine
796 3728 1137 3829 pavore'cogitahatss
1162 3729 1198 3802 id

124 3863 171 3934 illi
190 3866 332 3936 narrare
351 3883 421 3933 uon
442 3860 566 3933 timuit
586 3854 678 3944 Quid
697 3858 825 3950 igitur?
850 3859 1053 3955 Nunquam
1052 3852 1124 3948 ego
1143 3855 1198 3925 vi

123 4007 200 4057 rum
196 3982 320 4094 tuem
341 3992 411 4057 tam
434 3982 613 4095 pueriliter
632 4002 773 4055 errasse
792 3978 1011 4065 crediderim,
1030 3966 1096 4053 nisi
1115 3978 1195 4070 quin

125 4106 337 4198 suggerebat
355 4128 453 4180 amor
471 4102 623 4179 nmmum
647 4101 848 4179 toemineum
869 4113 964 4177 tanto
989 4124 1057 4176 non
1085 4100 1195 4195 impa-
