2834 5086
175 692 233 751 dati
637 707 798 755 unuruuuu

173 848 282 919 looior
312 850 430 919 fertur.
463 849 530 920 Sed
563 870 626 922 oro
659 861 709 932 le,
738 869 853 920 nonne
883 848 988 920 huius
1018 848 1255 922 testimonium

39 1062 44 1069 μ
173 968 327 1039 audienti
352 971 501 1063 primum
530 970 614 1040 illud
640 972 806 1055 occurrit,
840 971 1048 1063 piscatorem
1082 969 1127 1041 de
1151 969 1254 1063 aquis

172 1091 479 1183 interrogandum,
511 1092 557 1165 de
590 1093 792 1164 nemoribus
825 1104 1051 1177 venatorem,
1077 1104 1254 1187 pastorem
1319 1164 1322 1169 .

171 1211 216 1283 de
236 1214 424 1303 gregibus,
449 1214 495 1285 de
517 1216 631 1285 ventis
655 1226 817 1301 nautam,
843 1214 888 1285 de
909 1214 1023 1285 hobus
1048 1213 1253 1305 agricolam

171 1336 222 1406 sic
241 1344 276 1405 et
296 1335 342 1405 de
361 1337 469 1405 armis
488 1336 647 1422 militem,
675 1347 711 1408 et
735 1338 781 1409 de
802 1337 903 1408 bellis
929 1337 1074 1418 ducem,
1099 1336 1150 1407 sic
1174 1335 1254 1407 reli-

170 1459 308 1550 giosum
329 1457 482 1550 deniquo
501 1459 547 1530 dc
568 1460 695 1544 saeris,
713 1471 850 1552 poetarn
871 1459 918 1531 da
937 1458 1061 1540 llusis,
1080 1468 1253 1530 oratorem

170 1582 215 1653 de
234 1582 368 1664 causis,
402 1580 602 1651 donatoris
629 1604 744 1652 rerum
770 1590 806 1651 et
833 1582 915 1653 vitae
942 1580 1075 1652 ratione
1100 1579 1256 1673 philoso-

170 1702 302 1794 plrum‘?
319 1704 429 1773 Extra
450 1723 533 1773 suos
551 1701 643 1773 hune
661 1703 827 1776 terminos
844 1701 1017 1787 eduxisti,
1034 1702 1118 1774 dum
1134 1699 1253 1792 coegi-

169 1827 214 1896 sti
235 1802 272 1897 ut
292 1826 337 1897 de
357 1826 494 1896 Poetica
516 1825 723 1897 sententiam
739 1828 854 1897 ferret.
870 1825 940 1897 Sed
953 1825 1073 1906 dices;
1096 1822 1180 1893 nihil
1197 1832 1256 1892 est

166 1949 212 2021 de
232 1949 386 2041 proprio:
411 1945 507 2036 vulgi
530 1946 696 2017 iudicium
723 1947 907 2019 referebat.
934 1946 1052 2018 Sentis
1077 1956 1116 2016 ut
1146 1942 1256 2037 pede·

169 2069 287 2142 tectim
306 2069 350 2140 ad
369 2067 622 2160 corruptissimi
641 2069 765 2141 iudicis
781 2069 930 2140 tribunal
942 2068 1168 2141 accessimus:
1183 2066 1253 2137 iam

169 2194 306 2262 mallem
327 2191 373 2262 de
400 2190 540 2285 proprio
565 2193 776 2283 loqueretur.
796 2192 930 2284 Cogita,
948 2191 1112 2273 Barbate,
1126 2188 1256 2262 acriter

167 2325 299 2407 quanto
321 2313 445 2407 priscis
470 2313 613 2385 vatibus
654 2314 785 2384 nostris
817 2325 880 2385 aut
912 2313 1042 2387 felicior
1066 2322 1127 2385 aut
1158 2320 1255 2383 certe

170 2436 301 2508 facilior
322 2446 410 2507 aetas
435 2436 514 2525 luit,
536 2437 634 2527 prius
653 2435 731 2506 dieo
751 2456 856 2526 quam
878 2436 1034 2507 Pierides
1054 2456 1102 2506 ex
1120 2432 1256 2505 Graecia

167 2557 203 2627 iu
221 2559 350 2629 ltaliam
365 2556 648 2646 commigrarent,
666 2578 708 2628 ea
723 2557 854 2628 scilicet
872 2566 1077 2651 tempestate
1097 2552 1253 2647 quaudo,

170 2690 205 2752 ut
226 2681 466 2752 Sulmonensis
490 2693 570 2750 tuus
592 2680 660 2751 ait:

327 2868 384 2941 Qui
402 2870 479 2931 berre
495 2868 648 2947 pugnabat
665 2869 832 2933 itomanam
850 2874 979 2931 noverat
995 2874 1109 2943 artem,

410 2966 528 3029 Mittere
544 2967 597 3046 qui
614 2972 732 3046 poterat
748 2968 805 3030 tela
823 2967 957 3029 disertus
974 2971 1048 3028 erat.

167 3171 266 3242 Haud
299 3173 413 3263 magni
446 3172 575 3265 negotii
604 3184 684 3244 tunc
714 3174 778 3244 luit
802 3194 884 3243 esse
910 3180 1088 3262 poetarum
1118 3190 1251 3261 regem.

168 3294 211 3364 Ut
232 3294 351 3365 sileam
370 3295 533 3386 reliquos,
549 3307 703 3387 quantus
721 3294 876 3366 Lucilius
896 3302 951 3365 est
972 3292 1121 3377 habitus,
1144 3314 1250 3383 quem

168 3425 239 3485 turn
263 3416 296 3485 in
327 3416 443 3507 aliquo
468 3415 736 3507 reprehendisse
768 3437 877 3510 prope
905 3414 1123 3505 saerilegium
1152 3413 1252 3485 vide-
1297 3422 1300 3427 '

166 3549 280 3623 retur,
318 3559 396 3607 eurn
430 3537 464 3605 in
501 3538 617 3607 multis
651 3538 794 3630 impune
827 3537 1105 3630 reprehendatur
1129 3538 1252 3609 Maro?

166 3669 318 3749 quantus
339 3659 416 3729 aliis
447 3670 671 3753 quantusque
702 3660 841 3732 sibimet
872 3661 973 3731 visus
1004 3668 1059 3731 est
1088 3658 1248 3742 Naevius,

165 3791 318 3871 quantus
339 3780 509 3851 Plautus?
528 3781 573 3853 Et
597 3781 656 3872 qui
683 3783 812 3853 luerint
836 3783 980 3854 scimus.
1005 3780 1074 3851 Ars
1104 3780 1247 3871 exigua,

165 3898 341 3969 mediocre
366 3900 563 3990 ingenium,
591 3902 701 3973 vivax
732 3904 835 3989 lama,
864 3925 1013 3995 magnus
1044 3903 1248 3996 populorum

166 4021 278 4103 lavor,
313 4044 429 4092 rerum
461 4044 602 4093 suarum
634 4026 818 4097 estimatio
844 4025 1024 4097 immensa.
1056 4025 1151 4114 Lege
1175 4022 1249 4115 epi-

165 4154 358 4231 grammata
379 4144 644 4237 sepulchrorum
670 4145 715 4217 ab
750 4146 804 4217 his
830 4147 945 4229 edita;
979 4146 1066 4216 satis
1095 4144 1248 4240 superba

166 4262 347 4350 fateberis,
370 4265 433 4335 etsi
456 4267 502 4337 ab
525 4266 593 4338 alio
613 4268 741 4340 dictata
768 4279 904 4349 essent,
926 4267 992 4339 etsi
1015 4269 1103 4338 alter
1119 4268 1246 4339 horum

165 4384 353 4471 Homerus,
375 4389 462 4457 alter
482 4387 647 4480 Virgilius
674 4390 807 4463 luisset.
823 4389 966 4473 Blanda,
986 4388 1143 4481 inquam,
1157 4396 1246 4460 aetas

163 4513 199 4573 et
219 4503 420 4578 favorabilis
434 4511 557 4599 poetis,
579 4533 661 4603 qum
677 4513 723 4585 dc
745 4525 814 4584 tarn
836 4510 955 4606 parvis
975 4508 1152 4583 radicibus
1174 4518 1244 4581 tani
