2670 4688
395 286 487 334 nuum
511 284 902 334 incasurus-armanni
925 287 964 334 u,
1173 272 1213 335 io
1237 340 1240 346 ,

136 434 168 493 te
193 421 317 493 litterae
342 429 534 512 reperturos
561 418 646 489 sint:
667 427 704 489 et
727 418 926 489 nuntiorum
953 419 1089 505 raritas,
1117 422 1215 492 iami-

133 545 219 616 liare
239 540 496 615 incommodum
519 540 642 612 mediis
664 542 752 613 etin
774 541 936 626 urbibus,
958 543 1212 628 dictaminum,

134 666 228 738 haud
249 666 348 736 aiiter
368 685 471 756 quam
500 663 534 733 in
563 662 662 733 silvis
689 662 844 735 solitario
863 664 1014 754 degenti.
1038 665 1110 736 Nec
1129 688 1215 738 vero

136 788 339 880 negaverim
358 810 420 881 per
436 786 502 856 hoc
524 795 672 878 tempus,
691 784 785 876 quod
804 785 944 856 tacitum
967 786 1042 857 iure
1055 798 1115 859 tuo
1130 812 1217 881 qne-

136 911 236 995 reris,
263 909 380 1001 aliqua
403 930 459 978 me
485 907 651 990 dictasse,
674 929 755 1000 qoae
776 909 936 998 relegens
958 909 1123 980 mittenda
1148 931 1216 981 non

135 1031 269 1114 censui,
293 1054 361 1103 non
381 1030 483 1101 aliam
504 1028 549 1101 ob
569 1052 661 1114 rem,
683 1030 750 1100 nisi
771 1028 855 1122 quia
875 1029 977 1100 nimis
995 1052 1093 1115 vera,
1112 1031 1216 1102 nimis

137 1155 244 1226 libera
270 1152 348 1223 viso
374 1161 483 1223 erant.
510 1151 602 1221 Nihil
629 1153 720 1223 enim
748 1152 887 1224 saeculis
914 1154 1042 1225 nostris
1068 1154 1218 1226 invisius

136 1299 241 1368 quarn
258 1276 329 1347 duo
347 1274 435 1360 boec,
455 1277 587 1346 veritas
604 1286 639 1346 et
657 1274 808 1347 tibertus.
825 1276 945 1368 itaque
961 1277 1217 1370 praeserendam

137 1398 224 1470 duxi
246 1410 279 1469 te
301 1421 421 1482 unum,
444 1418 612 1491 quocum
639 1408 736 1468 esset
761 1396 846 1466 mibi
872 1396 1055 1469 facillimos
1082 1420 1219 1492 semper

138 1525 173 1593 in
191 1523 337 1613 gratiam
356 1519 501 1603 reditus,
520 1521 657 1591 silentio
674 1519 815 1602 laedere,
832 1541 936 1612 quam
954 1522 1082 1592 multos
1098 1542 1219 1593 eorum

140 1645 333 1725 hominum,
355 1664 445 1735 quos
469 1643 553 1712 mihi
581 1643 647 1712 iam
675 1641 810 1736 pridem
843 1645 916 1714 sola
943 1642 1074 1715 veritas
1101 1643 1221 1716 hostes

138 1744 229 1850 iecit,
245 1786 370 1838 rursus
383 1765 520 1835 infestae
536 1764 635 1835 vocis
652 1767 773 1836 aculeo
784 1767 987 1849 vulnerare,
1002 1787 1220 1859 quorumque

140 1887 312 1957 nonnuliis
335 1898 488 1960 cruentae
511 1887 690 1959 cicatrices
715 1888 868 1959 nondum
896 1886 1040 1971 haerent,
1067 1887 1220 1959 nondum

141 2020 357 2081 vetustorum
392 2010 491 2082 dolor
522 2014 707 2083 vulnerum
739 2010 877 2082 resedit.
919 2010 988 2080 Nec
1018 2008 1101 2080 idad
1134 2010 1222 2080 inter·

140 2133 381 2227 praetereunda
415 2133 604 2226 posuerim,
643 2133 738 2226 quod
768 2133 898 2227 saepius
932 2133 1047 2225 questi
1082 2153 1220 2214 sumus,

141 2257 295 2348 epistolis
320 2255 462 2347 quidem
490 2258 558 2327 tuis
585 2256 651 2326 stili
682 2256 791 2327 decus
831 2255 985 2339 obstare,
1015 2277 1057 2326 ne
1090 2254 1136 2325 ad
1168 2252 1246 2326 me'

142 2380 294 2460 intactae,
324 2399 413 2447 neve
439 2377 504 2448 nisi
533 2389 612 2470 post
645 2382 785 2469 iungam
814 2388 952 2468 tempus
979 2378 1134 2457 veniant;
1160 2398 1224 2446 nec

145 2499 213 2566 stili
243 2497 346 2565 modo
380 2497 445 2568 sed
474 2498 610 2587 apicum
638 2520 751 2567 raram
777 2510 811 2567 et
838 2499 1008 2568 insolitam
1036 2496 1224 2588 quamdam

145 2620 311 2699 tormam3
346 2617 426 2689 hino
451 2638 569 2688 rerum
596 2639 637 2688 ac
658 2617 844 2690 verborum
872 2618 996 2708 gratia,
1018 2640 1083 2688 ceu
1108 2619 1225 2689 nativa

145 2739 261 2832 specie
281 2740 424 2832 ingenii,
447 2740 528 2810 binc
553 2740 742 2831 digitorum
767 2739 959 2812 adventitio
985 2751 1125 2824 ornatu,
1152 2741 1226 2811 ani-

145 2884 239 2932 mum
259 2864 360 2935 simui
378 2864 567 2955 oculosque
582 2860 852 2935 intendentibus.
869 2864 994 2935 Contra
1007 2856 1124 2935 autem
1140 2861 1226 2934 meis

145 2984 189 3054 ad
209 2995 241 3056 te
261 2985 311 3056 ire
331 2983 531 3057 volentibus
549 2984 634 3076 quid
654 2984 784 3068 obstet,
807 2985 936 3070 nescio,
960 3007 1040 3057 cum
1061 2982 1097 3053 id
1118 2982 1225 3054 sciam

146 3083 315 3198 plurimas
333 3129 389 3177 me
407 3107 548 3178 misisse
564 3126 645 3198 quae
661 3109 749 3177 calle
766 3107 882 3178 medio
903 3107 1104 3186 substitere,
1124 3103 1227 3195 quasi

147 3237 315 3301 matronae
348 3232 559 3316 severiores,
588 3228 764 3322 aquibus
795 3231 922 3301 nollent
948 3226 1107 3320 turpibus
1131 3227 1228 3295 vetut

147 3355 329 3439 adulteris,
351 3357 421 3426 vim
443 3377 571 3450 passae.
593 3356 649 3426 Sic
675 3377 743 3428 non
765 3357 840 3426 sola
860 3350 960 3424 uobis
980 3360 1136 3431 actuum,
1165 3346 1228 3416 sed

72 3470 78 3484 '
149 3479 334 3548 affectuum
360 3499 500 3569 quoque
525 3477 666 3550 libertas
692 3476 829 3546 interiit.
857 3472 1005 3545 Proinde
1032 3492 1141 3561 nuper
1166 3470 1229 3538 Pa-

152 3602 245 3672 tavio
272 3598 426 3683 redienS,
450 3599 518 3668 illic
538 3600 630 3670 euim
651 3622 698 3670 ex
720 3598 859 3688 negotio
886 3599 1007 3679 ieram,
1023 3594 1089 3665 etsi
1116 3593 1230 3663 Vene-

151 3725 216 3795 tias
241 3745 288 3795 ex
321 3725 391 3794 otio
415 3723 610 3818 petiissem,
641 3721 675 3790 in
707 3721 781 3812 ipso
814 3721 936 3789 itinere
961 3715 1229 3788 formosissimas

149 3848 238 3920 duas
260 3870 301 3920 ac
322 3847 505 3938 gemellas,
527 3864 617 3936 quas
644 3844 836 3915 novissime
864 3851 964 3934 partu
995 3861 1064 3911 uno
1099 3841 1226 3910 foecun-

98 3969 101 3973 ’
151 3968 334 4041 dissimum
369 3977 466 4039 tuum
498 3977 620 4060 pectus
654 3962 842 4046 effuderat,
887 3963 976 4034 inter
1013 3958 1230 4053 quorundam

155 4115 277 4164 ritanus
312 4093 440 4185 reperi,
476 4113 543 4163 non
579 4091 746 4161 maiorum
777 4085 918 4179 quidem
949 4085 1127 4158 homiuum
1171 4080 1229 4152 scd
