2670 4688
203 324 295 373 trouu
317 323 482 373 ulcusltws
504 323 892 375 secundus—Emended
913 328 966 376 ΧΗ.
1078 317 1134 378 ιῦἵ

54 467 144 551 seni,
172 479 207 537 et
232 464 424 560 praeualido
449 465 584 547 iuveni,
618 476 655 535 ct
686 465 810 537 dorido
838 466 1066 556 adolescenti,
1098 484 1134 542 ct

55 599 185 661 tenerae
210 586 389 682 pueritiae,
419 597 472 659 ει·
483 589 606 659 lacteae
626 588 835 660 ,communis
864 578 1031 683 intantiae.
1064 596 1137 667 Mo·

55 711 212 781 riendum
235 708 398 781 omnibus
412 736 428 780 :¹
443 720 548 800 atque
568 707 683 781 omnia
700 710 736 781 in
754 708 822 781 hoc
839 733 909 797 uno
926 713 1037 804 paria,
1054 738 1136 787 cum

55 831 90 901 in
116 831 261 923 reliquis
288 840 358 905 tam
385 830 494 901 muita
519 828 593 899 sint
613 831 722 902 varia.
750 832 888 902 Nulium
904 816 1137 927 'privilegium

54 953 183 1037 aetatis‚
203 954 336 1057 nulium
359 952 439 1035 loci,
460 936 593 1025 nullum
615 953 795 1044 dignitatis
816 967 877 1025 aut
893 956 1025 1046 gioriae.
1046 959 1139 1029 Mor-

56 1088 124 1149 tem
147 1058 488 1169 ipsam'intueumur.
513 1058 604 1157 Quid
618 1075 749 1145 metiris
763 1074 967 1159 adventitia,
994 1080 1138 1150 moritu·

57 1221 131 1269 rum
167 1220 208 1267 ac
230 1197 375 1268 mortale
399 1196 541 1276 animai,
569 1196 655 1289 quid
689 1197 853 1289 trepidas,
876 1198 959 1292 quid
992 1212 1138 1272 externa

56 1318 318 1411 circumspicis?
334 1317 437 1409 Apud
450 1339 555 1390 veros
565 1317 799 1392 aestimatores
814 1343 931 1393 rerum
949 1333 1138 1418 apparatus

55 1442 212 1514 exterior
232 1441 317 1511 nihii
336 1441 382 1511 ad
405 1462 494 1509 rom:
517 1462 574 1511 res
595 1441 705 1526 nuda,
724 1443 752 1513 si
772 1465 895 1515 verum
914 1448 964 1516 rei
987 1449 1136 1541 pretium

55 1567 239 1657 quaeritur,
263 1564 471 1635 aestimanda
497 1572 562 1633 est.
590 1564 625 1633 Si
652 1586 747 1637 mors
773 1565 881 1657 igitur
907 1578 1072 1649 nonest,
1107 1568 1137 1638 si

57 1697 208 1759 statutus
235 1689 332 1757 locus
358 1683 600 1776 praefixusque
629 1686 854 1759 nascentibus
890 1688 1010 1760 mortis
1044 1688 1135 1771 dies,

55 1808 203 1900 quidde
224 1809 432 1898 iocisatque
454 1807 669 1900 temporibus
694 1808 879 1900 angimur?
903 1811 954 1880 De
980 1811 1137 1903 utrisque

57 1935 124 2004 iam
141 1945 293 2003 cautum.
307 1931 342 2001 Si
356 1929 513 2001 audirem
535 1931 707 2002 dicentem
721 1931 824 2002 nobis
838 1933 1037 2004 Ieremiam:
1056 1931 1138 2019 Oai-

56 2078 183 2146 camque
194 2056 380 2127 ruonserint
391 2056 427 2124 in
442 2055 574 2124 civitate
590 2055 651 2125 irco
667 2056 853 2124 morientur
871 2053 981 2144 plodio
1002 2067 1034 2126 et
1051 2058 1139 2146 [ome

56 2191 88 2250 et
106 2189 211 2272 peste,
237 2178 297 2268 qui
310 2187 421 2247 autem
440 2177 625 2269 profugerit
640 2175 685 2246 od
707 2174 876 2248 Chuldoeos
896 2180 1004 2263 vivet,
1026 2182 1140 2251 eterit

56 2303 171 2371 animo
190 2302 260 2370 eius
283 2321 412 2390 sospes,
440 2320 510 2369 non
536 2298 731 2372 dubitarem
752 2302 798 2371 ad
818 2300 1002 2372 Chaldaeos
1024 2322 1139 2394 usque

56 2425 253 2516 profugere.
274 2420 402 2491 Contra
422 2430 538 2489 autem
555 2420 586 2490 si
604 2422 749 2513 Moyses
768 2423 842 2492 Deo
860 2421 1001 2493 iubente
1018 2425 1140 2514 loque·

58 2551 154 2624 retur
186 2547 222 2608 et
248 2536 394 2609 diceret:
415 2535 536 2606 Cavete
567 2559 610 2606 ue
634 2537 816 2609 ascendatis
840 2542 876 2608 iu
900 2552 1057 2623 montem,
1079 2564 1139 2610 uec

59 2663 202 2748 tangatis
219 2660 301 2751 fines
324 2659 437 2727 itlius:
463 2661 568 2728 omnis
599 2660 657 2751 qui
689 2660 829 2748 tetigerit
859 2671 1004 2731 montem
1036 2673 1140 2732 morte

57 2783 238 2853 monetur:
258 2781 424 2854 auderem
446 2790 480 2853 te
501 2781 633 2854 hortari
655 2792 810 2874 utquam
825 2782 973 2877 primum
987 2806 1008 2855 e
1023 2795 1139 2857 monto

56 2904 308 3009 descenderes..
322 2905 421 2976 Nunc
441 2918 602 2977 neutrum
623 2905 739 2988 audio,
759 2904 823 2977 sed
842 2906 1023 2978 mulierem
1046 2905 1137 2979 illam

57 3030 256 3101 Thccuitem
269 3029 442 3101 dicentem
456 3028 567 3101 David
582 3031 670 3123 regi:
689 3030 987 3101 Omnesmorimur
1002 3041 1033 3100 et
1045 3033 1141 3118 quusi

56 3172 150 3240 opum
168 3148 345 3221 ditabimur
365 3151 402 3221 in
424 3162 558 3221 terrum.
580 3151 680 3236 Quod
702 3172 780 3222 cum
803 3151 850 3220 ita
869 3152 928 3235 sit,
947 3172 1013 3221 nec
1031 3169 1138 3220 exce-

56 3271 128 3364 ptio
149 3271 194 3341 sit
215 3271 299 3354 uita,
313 3269 397 3362 quid
411 3272 478 3343 nisi
493 3273 647 3344 laborem
663 3274 796 3345 irritum
810 3282 847 3345 et
860 3274 1014 3364 peiorem
1027 3269 1138 3343 m'orte

56 3392 179 3464 mortis
200 3400 330 3462 metum
353 3392 436 3480 suga
461 3395 671 3466 contulerit?
696 3396 818 3467 Velox.
835 3394 979 3486 quidem
1004 3404 1135 3474 metus,

57 3512 120 3586 sed
140 3510 293 3582 velocior
314 3531 408 3581 mors
429 3521 539 3609 estet
560 3516 709 3585 fortuna.
730 3514 916 3586 Honestius
938 3511 1138 3583 invenimur

57 3645 191 3706 stantes
215 3655 320 3725 quam
346 3633 484 3724 profugi
509 3635 756 3728 praevenimur.
783 3636 1021 3727 Expectemus
1051 3654 1137 3724 ergo

55 3757 166 3850 aequis
187 3754 362 3826 mentibus
383 3754 418 3824 in
440 3763 532 3824 tcrra
553 3756 703 3846 quidde
725 3756 826 3827 nobis
846 3757 972 3826 coelum
1002 3753 1134 3840 statuit,

56 3901 99 3949 ne
121 3880 214 3949 velut
234 3878 381 3950 aricutae
403 3876 502 3947 visco
523 3898 587 3947 seu
605 3879 730 3969 laqueo
756 3876 932 3971 implicitae
960 3877 1135 3950 volitando

56 4000 266 4094 nitendoquc
280 4000 429 4095 amptius
447 3999 674 4091 implicemur.
683 3986 759 4069 ‘lam
774 4000 868 4091 quod
884 4012 917 4073 te
930 4014 1135 4095 perpetuum

54 4123 215 4197 comitem
236 4125 333 4199 lateri
351 4144 431 4223 mco
449 4122 616 4215 spondes,
631 4131 666 4195 et
678 4120 743 4195 hoc
757 4142 882 4196 rursus
895 4123 1136 4195 amantissimo
