2834 5086
164 590 223 647 dili
506 602 546 649 bb
569 600 668 649 lienus
691 598 911 649 indiminutus

164 754 199 812 nt
213 743 380 833 religione
398 742 631 827 clarissimus,
650 744 709 834 qui
728 744 859 813 nullum
874 743 1029 813 Varrone
1044 741 1251 831 doctiorem,

166 887 209 934 ne
230 863 323 957 apud
342 863 483 934 Graecos
504 864 646 956 quidem
668 864 804 935 vixisse
821 885 891 934 non
907 860 1053 935 dubitat.
1073 862 1141 935 Sed
1159 866 1254 939 inter

76 1080 78 1085 λ
166 984 435 1057 innumerabiles
449 1007 627 1079 praecones
647 997 725 1057 tuos
741 984 964 1056 famosissimi
981 986 1051 1057 duo
1069 998 1164 1057 sunt:
1179 987 1254 1079 pri-

169 1132 246 1180 mns
266 1122 320 1181 est
341 1110 396 1203 ille
416 1111 518 1181 cuius
536 1132 641 1203 supra
657 1111 866 1180 mentionem
894 1107 972 1191 leci,
996 1116 1197 1180 ooaetaneus
1215 1120 1254 1179 et

78 1252 83 1260 ·
164 1232 318 1302 concivis
338 1243 374 1301 et
398 1231 658 1324 condiscipulus
686 1241 766 1301 tuus
792 1229 928 1309 Cicero,
950 1230 1011 1319 qui
1038 1230 1146 1299 multa
1167 1226 1247 1309 tibi,

163 1367 198 1424 et
223 1356 278 1425 cui
306 1366 341 1425 tu
369 1355 474 1423 mulla
502 1364 642 1424 servata
668 1374 714 1423 ex
741 1350 880 1423 Catonis
910 1361 1086 1444 praecepto
1117 1348 1252 1422 ratione

163 1477 222 1546 otii
241 1475 419 1568 scripsisti,
439 1476 609 1567 cuiusque
629 1486 665 1545 ut
683 1473 858 1545 vivaciora
873 1473 943 1543 sint
959 1492 1078 1566 opera,
1099 1470 1168 1541 stili
1182 1472 1253 1541 ior·

93 1682 96 1687 ⁴
164 1619 226 1668 san
247 1598 395 1667 dulcedo
420 1595 591 1687 praestitit.
613 1594 796 1666 Secundus
821 1594 877 1665 vir
901 1593 1042 1686 qnidam
1070 1590 1253 1663 sanctissi-

165 1741 243 1789 mus
260 1728 296 1791 et
311 1719 432 1789 divino
451 1716 589 1807 ingenio
607 1716 825 1807 Augustinus
843 1716 977 1807 origine
993 1715 1093 1797 Afer.
1113 1714 1254 1806 eloquio

166 1844 354 1921 Romanus,
376 1861 455 1910 cum
482 1860 553 1930 quo
580 1839 711 1909 utinam
737 1837 782 1909 de
808 1837 905 1908 libris
931 1837 1050 1909 divina
1075 1836 1254 1910 tractanti-

166 1962 232 2031 bus
245 1958 437 2032 deliberare
454 1961 649 2053 potuisses:
676 1981 834 2032 summus
852 1980 979 2051 nempe
996 1958 1183 2049 theologus
1197 1960 1255 2031 lu-

167 2095 280 2165 turus,
302 2082 361 2174 qui
383 2104 460 2153 eam
482 2106 587 2175 quam
611 2095 752 2176 poteras
774 2082 980 2174 theologiam
1008 2092 1077 2153 tum
1108 2102 1255 2175 scrupu-

171 2209 244 2278 lose
265 2216 333 2277 tarn
361 2206 466 2276 anxie
489 2205 652 2277 divisisti.
681 2206 724 2275 Ut
751 2227 836 2277 vero
861 2226 977 2277 rernm
1006 2214 1142 2274 tuarum
1169 2200 1254 2275 nihil

167 2328 320 2419 ignores,
343 2330 506 2421 quamvis
527 2330 572 2399 de
593 2342 626 2400 to
647 2329 694 2400 ita
715 2330 881 2420 scriplum
904 2329 956 2410 sit,
977 2324 1106 2417 legisse
1126 2334 1160 2395 te
1183 2334 1251 2397 tam

170 2454 275 2525 multu
303 2460 340 2519 ut
365 2450 498 2541 aliquid
525 2449 585 2519 tibi
616 2448 768 2520 scribere
799 2470 943 2520 vacasse
973 2448 1154 2527 miremur,
1182 2456 1253 2517 tam

170 2572 279 2639 multa
296 2569 481 2660 scripsisse
498 2591 603 2660 quam
623 2568 729 2637 multa
747 2569 809 2637 vix
826 2589 1035 2660 quemqnam
1056 2568 1172 2658 legere
1194 2586 1255 2659 po-

170 2689 282 2759 tuisse
302 2687 499 2771 credamus,
524 2688 627 2757 nullae
650 2696 765 2759 tamen
783 2697 906 2757 extant
923 2688 979 2757 vel
996 2685 1187 2758 admodum
1205 2686 1256 2757 lu·

169 2830 259 2882 cerae
281 2823 419 2883 tuorum
441 2832 589 2903 opernm
610 2810 779 2902 reliquiae,
798 2805 963 2901 equibus
983 2808 1100 2899 aliqua
1119 2806 1255 2901 pridem

169 2932 256 3017 vidi,
277 2946 312 3005 et
337 2932 577 3005 recordatione
599 2944 761 3025 torqueor
782 2932 939 3014 summis,
967 2940 1006 3000 ut
1025 2931 1131 3012 aiunt,
1155 2928 1255 3000 labiis

169 3064 320 3143 gustatae
339 3055 544 3127 dulcedinis.
563 3057 607 3125 Et
623 3076 684 3126 cos
702 3056 797 3148 ipsos
812 3056 986 3145 praecipue
1002 3052 1205 3126 divinarum
1221 3064 1257 3125 el

171 3179 401 3247 humanarum
413 3198 528 3247 rerum
545 3176 662 3257 libros,
672 3177 731 3267 qui
746 3198 872 3247 nomen
887 3175 944 3245 tibi
961 3174 1141 3247 sonantius
1152 3194 1256 3269 pepe·

172 3318 248 3368 rere
262 3296 376 3367 adbuc
393 3297 517 3367 alicubi
536 3297 682 3366 forsitan
700 3297 834 3368 latitare
850 3297 1022 3389 suspicor3
1037 3317 1150 3387 eaque
1167 3298 1257 3369 mul·

172 3434 225 3491 tos
245 3419 313 3489 iam
335 3440 397 3511 per
417 3438 528 3489 annos
550 3438 607 3487 mc
627 3419 748 3509 fatigat
765 3441 862 3500 cura,
882 3417 1044 3511 quoniam
1064 3418 1257 3511 lougeqni-

171 3542 250 3612 dem
270 3564 309 3613 ar.
327 3541 459 3613 solicita
477 3562 539 3633 spe
553 3541 635 3611 nibil
654 3553 709 3613 est
726 3542 1032 3634 importuniusaut
1046 3539 1257 3613 laboriosius

173 3666 206 3731 in
226 3662 306 3734 vita.
329 3663 411 3732 Haec
426 3662 604 3733 hactenns.
623 3663 674 3733 Tu
692 3683 778 3733 vero
794 3664 908 3733 solare
922 3664 1086 3744 animum,
1106 3674 1144 3733 et
1160 3660 1257 3735 labo-

175 3785 221 3855 ris
230 3785 364 3874 egregii
376 3786 525 3855 fructum
539 3806 587 3855 ex
601 3784 1013 3879 conscientiapercipiens
1027 3785 1184 3857 mortalia
1197 3804 1257 3877 pe-

175 3908 276 3977 riisse
289 3928 356 3978 non
365 3908 497 3979 doleas.
507 3906 651 3979 Sciebas
659 3907 811 3999 peritura
826 3907 910 3978 dum
919 3904 1106 3979 scriberes:
1120 3906 1257 3977 mortali

173 4030 265 4098 onim
281 4029 420 4117 ingenio
434 4027 519 4097 nibil
531 4027 680 4099 efficitur
693 4027 899 4099 immortale.
918 4026 1009 4111 Quid
1022 4036 1137 4099 aulem
1151 4026 1259 4097 relerl

175 4170 219 4217 an
242 4150 369 4231 statim,
388 4170 431 4219 an
456 4158 535 4240 post
550 4158 688 4220 centnm
708 4170 877 4220 annornm
896 4149 1001 4218 millia
1024 4156 1145 4240 percat
1161 4146 1258 4240 quod

176 4270 360 4358 aliquando
380 4270 495 4363 perire
515 4292 660 4343 necesso
673 4271 825 4343 estllist
837 4269 978 4362 quidem
995 4270 1140 4341 illustris
1154 4267 1258 4339 simili

178 4388 294 4459 studio
310 4391 527 4481 llagrantinm
555 4393 679 4465 cohors
701 4394 969 4484 haudquaquam
987 4390 1257 4464 fortunatioris·
