2834 5086
199 693 259 754 ted
544 709 701 758 treauorx
721 708 933 758 trrrnanauu.

199 872 269 942 que
289 859 325 920 et
343 848 524 921 Medorum
543 870 653 940 regna
674 850 1074 933 consistent,Romanum
1089 849 1272 942 imperium

202 993 331 1064 vagum
353 973 438 1044 erit?
468 972 533 1056 Qui
555 972 644 1044 hanc
673 970 911 1064 indignitatem
932 971 1132 1044 stomachus
1163 973 1273 1043 ferat?

148 1088 151 1092 ’
199 1098 278 1189 quis
294 1118 363 1168 non
378 1097 492 1188 potius
510 1097 650 1167 evomat
667 1098 873 1192 penitusque
882 1095 1071 1168 reliciat‘lSi
1091 1095 1271 1188 imperium

199 1219 391 1290 Romanum
406 1220 526 1291 Romae
539 1229 685 1303 nonest,
701 1217 992 1312 ubi,quaeso,est‘l
1004 1218 1135 1312 Nempe
1149 1218 1178 1288 si
1191 1215 1272 1287 alibi

116 1440 118 1442 ι
199 1352 265 1424 est,
300 1343 368 1411 iam
402 1362 624 1414 romanorum
651 1342 832 1436 imperium
859 1351 1025 1426 nonest,
1061 1340 1125 1412 sed
1151 1361 1271 1411 eorum

197 1486 306 1560 penes
327 1484 414 1557 quos
435 1462 519 1535 illud
539 1465 701 1536 volubilis
722 1466 873 1537 Fortuna
889 1463 1060 1556 deposuit.
1084 1462 1158 1533 Etsi
1178 1462 1271 1533 enim

198 1606 296 1678 saepe
316 1585 450 1658 romani
471 1585 696 1680 imperatores
713 1609 777 1680 pro
798 1587 1003 1658 necessitate
1022 1585 1223 1678 reipublicae
1236 1586 1272 1654 in

197 1707 339 1779 orientis
360 1719 420 1781 aut
448 1707 638 1780 occidentis
668 1718 840 1790 extremo,
878 1729 972 1802 saepe
998 1707 1064 1778 sub
1084 1710 1194 1778 Borea
1213 1707 1271 1779 vel

197 1828 327 1904 Austro
344 1854 421 1904 cum
444 1833 656 1904 exercitibus
678 1841 839 1925 agerent,
871 1853 1050 1903 romanum
1078 1844 1194 1902 tamen
1220 1829 1272 1900 in·

197 1956 297 2026 terim
315 1955 498 2048 imperium
520 1957 639 2027 Romae
655 1965 741 2038 erat,
773 1965 808 2027 et
832 1954 877 2026 de
907 1954 1059 2025 romanis
1086 1953 1272 2045 imperato·

197 2076 294 2148 ribus
313 2101 383 2172 quo
402 2079 459 2149 vel
482 2079 625 2171 praemio
638 2080 696 2148 vel
717 2076 886 2171 supplicio
902 2075 998 2168 digni
1016 2087 1146 2160 essent,
1162 2076 1272 2146 Roma

198 2199 372 2272 censebat.
406 2201 455 2272 De
488 2199 654 2292 Capitolio
687 2199 867 2294 petebatur
901 2199 980 2292 quis
1021 2196 1269 2284 honoranduS,

196 2325 278 2416 quis
292 2322 507 2416 plectendus
529 2323 608 2415 quis
627 2320 748 2394 urbem
766 2325 937 2414 privatus,
955 2322 1034 2414 quis
1048 2343 1173 2404 ovanS,
1192 2322 1271 2414 quis

199 2446 415 2536 triumphans
437 2444 600 2515 introiret.
624 2444 829 2527 Quinetiam
846 2455 923 2535 post
946 2444 1018 2513 lolii
1041 2443 1190 2514 Caesaris
1205 2465 1270 2514 seu

198 2566 426 2659 tyrannidem,
449 2588 513 2637 seu
532 2563 647 2637 dicere
673 2569 844 2637 malumus
871 2567 1119 2644 monarchiam,
1136 2568 1270 2634 romani

197 2685 378 2779 principes,
405 2696 630 2780 quamquam
650 2687 716 2758 iam
749 2690 899 2758 Deorum
925 2687 1067 2758 concilio
1089 2685 1266 2780 adscripti,

197 2807 312 2879 adbuc
332 2817 446 2880 tamen
468 2830 489 2879 a
509 2810 637 2881 Senatu
658 2812 752 2881 vela
780 2813 908 2904 populo
934 2832 1076 2882 romano
1098 2808 1270 2900 gerenda-

197 2952 275 3001 rum
295 2953 410 3003 rerum
429 2932 600 3003 licentiam
610 2934 808 3026 postulasse
827 2940 1118 3025 compertnmest,
1141 2940 1177 3004 et
1191 2931 1271 3001 data

197 3056 254 3125 vel
271 3054 442 3147 denegata
460 3056 595 3128 licentia
613 3058 668 3127 vel
685 3056 800 3147 egisse
816 3079 907 3149 quae
924 3055 1196 3138 destinaverant,
1215 3055 1271 3124 vel

198 3198 368 3249 cessasse.
388 3179 618 3271 lmperatores
636 3180 741 3270 igitur
758 3181 838 3271 vagi
860 3202 940 3250 esse
963 3189 1124 3271 possunt:
1147 3175 1270 3248 stabile

198 3295 377 3392 fixumque
394 3322 532 3395 semper
550 3301 729 3393 imperium
753 3315 817 3372 est.
852 3302 921 3373 Nec
942 3302 985 3372 de
1006 3301 1182 3392 temporali
1200 3311 1270 3369 sta-

197 3431 248 3505 tu,
268 3421 331 3493 sed
350 3423 395 3495 de
416 3424 642 3517 perpetuitate
674 3423 806 3517 imperii
840 3423 974 3496 dixisse
999 3421 1194 3494 credendus
1214 3432 1270 3493 est

197 3543 293 3615 ltlaro
314 3544 373 3615 ubi
394 3547 456 3617 ait:

358 3737 436 3799 Dum
454 3739 564 3801 domus
581 3739 681 3801 AEnem
699 3738 833 3817 Capitolii
851 3736 1008 3800 immobile
1025 3753 1134 3800 saxum

355 3835 485 3911 Accolet,
505 3837 732 3917 imperiumque
749 3845 832 3916 pater
849 3854 994 3900 romanus
1012 3836 1140 3899 babebit.

196 4021 317 4113 Neque
341 4022 432 4091 enim
460 4021 536 4093 haec
561 4021 680 4095 dicens
706 4034 843 4094 centum
871 4034 930 4095 aut
956 4022 1048 4093 mille
1079 4044 1265 4108 annorum,

198 4144 261 4215 sed
280 4144 506 4215 immortalem
529 4146 595 4217 illis
616 4146 755 4219 duobus
777 4148 921 4242 gloriam
949 4146 1149 4240 spondebat.
1173 4144 1267 4215 Neve

197 4266 380 4359 quisquam
411 4268 519 4339 verba
540 4268 617 4341 baeo
640 4268 827 4343 blanditias
858 4278 974 4350 vocet,
1004 4291 1085 4360 quae
1114 4268 1266 4361 prolecto

112 4377 115 4382 ’
198 4409 262 4458 neo
280 4389 398 4482 lingua
430 4413 521 4479 mea,
548 4415 611 4466 nec
633 4394 761 4466 vestris
783 4392 926 4465 auribus
947 4392 1062 4482 dignae
1084 4401 1186 4474 sunt,
1215 4391 1268 4463 di-

198 4510 377 4599 gressione
392 4535 481 4606 opus
502 4527 565 4588 est.
590 4517 668 4589 Scio
688 4538 753 4608 ego
774 4516 818 4589 de
836 4515 956 4587 haere
977 4512 1156 4604 Virgilium
1178 4533 1266 4607 quo-
