2834 5086
164 630 223 689 :luti
504 638 544 686 ne
566 638 666 685 oenus
688 634 911 684 ruttrurrnmes

163 782 250 852 Narn
269 782 297 851 si
317 779 361 853 ad
378 800 440 851 eos
460 800 551 872 qnos
565 780 739 851 iuveniles
756 775 860 850 ludos
876 786 1019 861 vocant,
1034 778 1167 870 primos
1178 778 1249 849 sci·

164 906 244 974 lieet
255 901 502 974 adolescentiae
516 920 592 971 snae
606 898 743 971 libellos
754 901 892 971 oculum
902 897 1248 992 deuaetisseriptnnr

164 1023 209 1094 ihi
233 1036 330 1095 tunm
350 1044 476 1093 nomen
495 1022 667 1093 invenies.
691 1022 875 1114 Reliquum
894 1032 952 1092 est
972 1030 1010 1092 ut
1035 1041 1161 1115 sparsa
1185 1042 1250 1113 per

164 1156 273 1218 toturn
295 1144 454 1236 epistolae
473 1157 543 1215 tuae
567 1164 696 1236 corpus
728 1145 948 1235 querelarum
983 1150 1121 1214 tuarum
1153 1144 1249 1233 lrag-

165 1275 279 1338 menta
302 1265 546 1358 perstringam.
569 1264 790 1360 Discerptum
814 1275 846 1335 te
866 1264 912 1337 ab
931 1262 1165 1337 imitatoribus
1178 1264 1249 1335 tuis

162 1391 272 1461 doles.
294 1389 351 1459 Sie
367 1388 529 1481 oportuit.
549 1388 658 1460 Nemo
678 1388 713 1457 in
731 1397 841 1459 totum
863 1387 951 1459 tanti
976 1386 1109 1478 ingenii
1133 1408 1250 1481 capax

163 1524 249 1584 orat.
272 1510 469 1603 Indignaris
490 1511 568 1581 illos
590 1510 659 1582 tuis
680 1509 821 1581 indutos
840 1508 961 1601 spoliis
982 1510 1164 1581 insultare.
1191 1509 1250 1581 Sic

163 1645 219 1706 est
238 1654 340 1705 usus:
362 1653 430 1703 non
445 1642 561 1725 polest
574 1630 677 1702 valdo
695 1632 853 1723 ingratus
868 1651 951 1703 esse
964 1631 1031 1703 nisi
1045 1633 1107 1725 qui
1120 1652 1251 1723 magno

167 1754 334 1828 beneficio
356 1763 557 1847 praeventus
574 1760 641 1823 est.
662 1752 781 1844 Leges
802 1774 929 1825 nomen
947 1766 1045 1825 tuum
1066 1752 1162 1847 apnd
1179 1752 1250 1847 pri·

165 1899 243 1949 sens
265 1875 532 1949 iurisconsultos
552 1892 596 1947 ac
612 1874 769 1945 medicos
795 1875 1006 1966 gloriosum,
1034 1874 1253 1977 suecessori-

165 1999 232 2069 bus
251 2017 333 2069 esse
347 1998 573 2091 contemptui,
591 2016 657 2066 nee
676 1996 833 2070 advertis
853 2006 1022 2089 quantum
1045 1994 1079 2065 hi
1104 1994 1249 2089 quidem

164 2138 287 2191 ournes
307 2118 528 2190 dissimillimi
546 2130 629 2190 sunt
649 2119 801 2191 illorum:
822 2120 947 2190 namsi
962 2118 1094 2191 similes
1110 2130 1248 2203 essent,

165 2242 290 2312 similia
302 2242 457 2313 colerent
469 2252 574 2335 atque
592 2254 761 2314 amarent.
776 2242 899 2313 Cesset
911 2239 1113 2332 indignatio,
1130 2250 1252 2313 cesset

163 2365 278 2447 dolor,
301 2362 430 2459 optima
448 2384 531 2457 spes
552 2377 725 2456 assurgat.
745 2365 833 2434 Sunt
860 2362 1021 2458 primitiae
1046 2362 1190 2434 virtutis
1212 2374 1251 2435 et

166 2485 296 2575 ingenii
312 2484 536 2578 displicuisse
553 2485 654 2555 malis
675 2495 711 2555 et
736 2485 894 2558 indoctis.
922 2487 1006 2556 ‘lam
1032 2487 1127 2558 clara
1152 2488 1250 2559 frons

166 2607 293 2697 ingenii
316 2608 363 2677 tui
381 2619 437 2678 est
455 2616 493 2676 ut
511 2628 589 2678 eam
610 2608 714 2701 lippae
739 2608 834 2680 acies
867 2610 959 2680 terre
993 2629 1062 2680 non
1095 2610 1248 2683 valeant.

165 2729 331 2819 idemque
351 2725 411 2797 tihi
434 2727 557 2801 accidit
574 2728 669 2821 quod
689 2728 776 2812 Soli,
794 2728 896 2801 cuius
924 2750 992 2802 nnn
1018 2730 1158 2803 inlnmin
1183 2728 1250 2803 sed

164 2851 343 2920 excellens
366 2852 443 2920 laus
462 2860 518 2921 est
537 2850 633 2944 quod
646 2850 774 2922 infirmi
786 2852 889 2936 oculi,
904 2861 940 2923 et
954 2863 1135 2924 nocturnae
1149 2851 1249 2923 illum

165 2970 303 3061 lugiunt
322 2993 419 3043 aves.
442 2972 545 3065 Apud
570 2974 740 3065 antiquos
757 2972 898 3066 quidem
925 2982 962 3044 el
986 2973 1190 3058 modernos,
1217 2974 1248 3045 si

164 3092 224 3183 (pul
246 3103 328 3163 sunt
348 3093 528 3186 inquibus
550 3094 696 3165 scintilla
727 3096 782 3166 vel
817 3094 929 3166 tenuis
959 3094 1087 3190 priscae
1120 3090 1249 3167 indolis

164 3214 280 3285 adhue
302 3214 412 3296 vivat,
436 3238 504 3286 non
526 3214 630 3286 modo
649 3216 880 3310 philosophus
897 3238 998 3291 sacer
1025 3228 1063 3287 ut
1080 3218 1157 3310 ipse
1181 3216 1246 3301 nis,

166 3334 236 3418 sed,
262 3345 300 3405 ut
318 3334 404 3417 dixi,
421 3336 627 3430 philosopho
640 3340 751 3408 maior
764 3350 870 3431 atque
888 3337 1071 3409 sublimior
1083 3336 1247 3409 haberis:

167 3461 283 3551 utqui
305 3458 572 3553 pulcherrimam
599 3459 854 3555 philosophiam
880 3462 1105 3535 ornatissimo
1128 3484 1171 3535 ac
1197 3472 1250 3536 le-

165 3581 337 3653 nuissimo
358 3590 457 3671 legas
478 3583 568 3652 velo.
586 3580 756 3665 Quisnam
782 3584 873 3678 apud
899 3584 977 3657 haee
1002 3596 1164 3681 portenta
1183 3584 1249 3659 ho·

166 3702 295 3772 minum
318 3701 471 3774 habeare
491 3712 550 3774 tua
571 3725 641 3774 non
662 3705 826 3777 interest:
850 3706 919 3778 imo
940 3728 1148 3799 veroquam
1170 3708 1249 3800 plu·

166 3823 291 3894 rituum
311 3823 500 3917 optandum
520 3846 564 3895 nc
586 3827 737 3919 placeas
759 3825 888 3920 quihus
909 3828 1096 3923 displicere
1112 3828 1247 3923 primun

164 3942 207 4013 ad
228 3946 375 4034 gloriani
396 3944 529 4035 gradus
562 3959 632 4029 est,
664 3947 847 4039 proximus
869 3971 937 4021 non
960 3950 1115 4041 agnosci,
1138 3952 1244 4033 Pone,

166 4062 231 4133 iarn
263 4088 395 4157 precor,
419 4066 675 4139 solicitudinem
697 4090 738 4139 ac
759 4091 960 4155 mentorem,
982 4083 1019 4143 et
1037 4071 1083 4142 ad
1104 4092 1247 4163 campos

165 4184 301 4279 lllysios
323 4190 501 4281 pristinam
529 4189 619 4261 illam
649 4202 742 4263 tuam
778 4191 908 4285 tibique
938 4190 1091 4265 debitam
1122 4192 1243 4265 sedem

167 4301 253 4385 todi,
277 4308 367 4379 unde
388 4309 568 4382 letalibus
590 4313 727 4405 ineptiis
747 4316 888 4407 pulsum
915 4314 1014 4386 dicis.
1043 4315 1117 4386 Non
1141 4313 1245 4387 decet

164 4426 316 4497 anirnurn
332 4431 497 4523 sapientis
512 4436 696 4507 stultorum
712 4437 928 4510 contumeliis
944 4439 1072 4531 frangi:
1089 4438 1242 4531 alioquin
