2670 4688
119 184 158 241 98
462 190 505 241 llll
526 189 628 241 REBUS
647 152 870 247 milam
970 222 975 229 ·
1012 192 1016 199 “

125 346 275 400 summae
294 323 529 419 providentiae
547 345 637 419 opus
660 334 727 398 est
750 326 828 399 lluc
841 326 926 399 olim
940 344 1049 406 omna
1065 336 1226 427 topos

123 465 229 542 atque
250 468 354 520 omne
374 447 532 521 studium
552 447 761 521 vertendum
780 458 869 521 arat:
885 447 983 542 quod
1000 448 1035 521 si
1054 450 1223 525 effusum

124 571 291 644 inutiliter
310 571 486 653 dolemus,
508 573 630 642 saltem
649 571 815 665 reliquias
833 573 1043 663 relegamus.
1061 582 1103 645 ot
1119 574 1224 669 quod

122 695 259 768 desidia
279 695 389 789 periit
411 693 592 787 diligentia
617 702 809 786 reparetur.
836 694 874 767 lu
898 692 966 769 hoc
989 692 1088 769 nitor
1112 694 1223 773 baud

122 820 256 890 veritus
278 816 379 892 naid
400 818 484 890 mihi
511 817 597 888 vitio
617 816 736 901 detur,
758 817 853 910 quod
872 818 1011 911 parcior
1029 817 1220 915 irrepara-

121 939 203 1012 bilis
220 941 271 1012 rei
292 941 371 1012 sim.
390 940 435 1014 Ut
450 942 544 1012 enim
563 937 722 1033 pecuniae
741 937 893 1024 infamis,
908 939 1218 1032 sicquarumdam

123 1087 240 1138 rerum
259 1077 386 1138 exacta
406 1064 577 1137 tenacitas
602 1063 755 1153 gloriosa
778 1070 845 1133 est.
866 1061 956 1146 Quis
973 1064 1218 1137 oaeremouia·

122 1211 201 1260 rum
221 1187 484 1260 observantiam
507 1186 542 1256 in
560 1184 727 1277 religioso
742 1206 811 1257 non
833 1185 963 1270 laudet,
982 1184 1218 1261 tanumlatem

122 1310 300 1403 pudicitiae
320 1310 355 1381 in
372 1322 544 1392 matrona,
565 1308 599 1378 iu
617 1306 777 1381 studioso
794 1308 961 1402 temporis
978 1306 1220 1401 permutent

124 1433 221 1504 Hanc
241 1435 446 1526 amplectar,
469 1432 559 1503 hano
587 1442 742 1515 teneam,
770 1431 847 1517 bac,
863 1451 932 1525 qua
949 1429 1072 1515 datur,
1089 1430 1220 1505 amissi

126 1552 294 1647 temporis
314 1554 443 1627 damna
463 1563 670 1625 restaurem.
693 1554 767 1627 Hoc
787 1553 944 1637 meditor,
962 1552 1035 1625 huc
1050 1554 1228 1649 amplia,-

127 1678 196 1748 buc
215 1676 362 1748 forsitan
382 1676 474 1749 duce
495 1677 568 1749 Deo
588 1687 624 1748 et
642 1697 770 1769 magna
783 1676 891 1749 animi
903 1675 1112 1764 intentione,
1133 1696 1220 1771 par·

128 1801 278 1873 veniam.
297 1799 436 1873 Curabo
457 1822 502 1872 ne
521 1799 609 1894 quid
629 1810 762 1893 pereat:
780 1800 811 1873 si
827 1798 865 1872 id
880 1819 952 1871 uon
967 1818 1160 1893 assequar,
1180 1812 1220 1875 ut

128 1924 323 1997 minimum.
350 1923 436 1996 Cum
464 1944 588 1996 somno
619 1933 655 1995 et
687 1924 865 2017 voluptate
890 1932 1028 2016 tempus
1054 1924 1217 2016 partiar:

126 2068 196 2118 non
217 2045 330 2118 sinam
352 2053 391 2114 ut
411 2045 516 2117 ullum
538 2054 672 2136 partem
688 2044 757 2114 mei
774 2044 859 2118 iuris
880 2055 1061 2141 occupent
1082 2045 1155 2121 Est
1171 2048 1221 2125 ad

126 2188 233 2260 quam
258 2185 448 2258 provocem
469 2165 499 2234 si
520 2185 669 2260 premar,
693 2163 821 2250 virtus,
848 2166 1038 2261 incorrupti
1056 2168 1143 2243 lons
1164 2170 1222 2245 iu-

29 2270 31 2274 ⁴
126 2289 221 2374 dicii,
247 2302 284 2363 et
303 2287 448 2362 rationis
482 2310 547 2361 arx
576 2287 861 2386 inexpugnabilis
880 2300 986 2384 utque
1006 2290 1154 2367 invicta.
1182 2294 1221 2369 Si

127 2417 169 2488 lis
191 2412 312 2490 finium
335 2415 529 2501 incesserit,
552 2415 623 2489 huc
648 2415 800 2510 quaestio
830 2413 1024 2498 reserenda,
1045 2413 1131 2489 binc
1156 2438 1224 2514 pe-

125 2540 229 2614 tenda
249 2540 423 2616 sententia
438 2550 503 2613 est.
520 2540 684 2635 Optarcm
696 2542 773 2614 siue
786 2535 1074 2632 competitoribus
1086 2557 1220 2629 ageret

128 2664 191 2733 sed
211 2686 281 2736 non
302 2665 393 2737 licet.
420 2664 491 2736 Hos
516 2664 602 2735 mibi
627 2672 809 2737 consortes
828 2680 956 2752 corpus
975 2658 1090 2741 dedit3
1115 2680 1222 2737 com-

127 2782 222 2852 muni
240 2780 435 2854 dividundo
455 2780 622 2854 iudicium
653 2782 829 2874 experiar.
861 2779 990 2872 Cogam
1025 2780 1055 2853 si
1087 2791 1220 2875 potero

40 2904 43 2909 ’
128 2901 230 2976 tertia
265 2913 364 2993 parte
395 2903 565 2996 temporis
597 2923 681 2974 esse
712 2910 905 2974 contentos.
929 2905 1069 2996 Septem
1103 2902 1220 2983 horas

126 3023 325 3097 dormiebat
347 3021 531 3114 Augustus
559 3023 595 3093 in
618 3022 754 3097 deliciis
779 3032 959 3118 stratoque
985 3045 1108 3108 aureo,
1130 3047 1221 3103 aaa

126 3171 197 3241 quo
217 3167 314 3240 saepe
333 3144 638 3238 interpellantibus
659 3167 820 3218 somnum
842 3149 946 3219 curis.
965 3149 1128 3220 Paciscar
1142 3170 1220 3244 ego

127 3292 206 3341 cum
228 3267 339 3341 oculis
367 3266 454 3339 mois
483 3288 549 3340 sex
582 3266 650 3338 illis
677 3280 715 3342 ut
740 3268 923 3342 sufficiant.
942 3271 1046 3341 Horae
1066 3267 1150 3340 duaa
1175 3274 1217 3345 in

131 3391 283 3485 roliquos
305 3389 525 3463 necessarios
546 3410 634 3462 usus
654 3380 752 3463 eant:
775 3391 955 3464 residuum
982 3391 1066 3463 mibi
1092 3392 1214 3467 cedat.

129 3515 203 3587 Non
226 3515 356 3609 potoris
377 3513 525 3607 inquies.
546 3513 674 3585 Pactus
692 3525 729 3586 et
748 3525 918 3608 expertus
934 3536 1091 3611 possum.

451 3700 498 3764 Nil
515 3697 695 3765 mortalibus
711 3700 844 3766 arduum

130 3888 177 3955 ait
201 3884 353 3955 l'tnrnnn
378 3885 425 3957 ltu
441 3896 507 3957 ost.
530 3880 700 3970 Quaedam
721 3879 823 3953 nobis
844 3876 1069 3972 impossibilia
1092 3897 1213 3980 torpor

130 4008 218 4079 lircil.
243 4006 330 4079 Nilril
354 4030 499 4099 prorsus
523 4005 730 4102 impervium
755 4010 812 4076 cst
837 3998 973 4084 virtuti3
995 4007 1103 4079 multa
1129 4029 1213 4099 pos-
