2670 4688
522 297 676 345 iuuerunt
700 298 750 345 xv.
1105 284 1163 342 333

85 449 271 541 scriptores
289 447 442 540 quinque
460 448 516 515 vei
538 466 621 527 sex;
644 446 757 516 habeo
776 454 846 515 tres
869 445 1108 537 adpraesens,
1130 455 1166 515 et

85 593 127 640 ue
159 571 277 663 piures
308 566 456 637 habeam
477 587 585 637 causa
617 566 691 649 est,
725 568 808 658 quia
841 589 908 638 nou
942 566 1167 636 inveniuntur

84 693 289 784 scriptores:
306 691 368 761 sed
384 691 534 782 pictores
555 689 686 759 utinam
704 711 773 758 non
790 690 906 780 inepti.
923 686 1042 757 Habeo
1060 708 1165 757 unum

84 813 324 907 presbyterum
353 808 725 882 venerabilemvirum
751 809 920 901 quidum
952 808 985 877 iu
1012 809 1167 879 Ecclesia

85 957 161 1004 sum
184 933 349 1004 assiduus
372 955 506 1003 mecum
532 941 609 1016 est,
639 954 718 1002 cum
754 953 824 1023 quo
859 951 953 1024 saepe
980 929 1037 999 uhi
1072 930 1168 999 solus

87 1057 256 1148 prandere
276 1055 454 1148 disposui,
481 1040 564 1126 ecce
591 1053 705 1126 subito
730 1077 750 1124 e
777 1064 982 1126 transverso
1003 1051 1169 1122 conviva-

87 1201 163 1248 rum
182 1178 291 1259 acieS,
320 1179 376 1246 vei
401 1177 479 1248 cibo
505 1176 682 1270 pascenda
702 1178 756 1247 vei
782 1176 926 1246 fabulis:
950 1174 1053 1244 vitari
1073 1172 1166 1243 enim

86 1319 230 1391 prorsus
247 1300 383 1391 nequit,
405 1321 450 1368 ue
469 1301 524 1368 vel
543 1298 725 1390 superbior
739 1318 941 1390 appaream,
958 1298 1012 1366 vei
1027 1296 1168 1366 avarior

86 1442 191 1514 quam
212 1443 302 1491 sum.
317 1422 374 1490 Sic
388 1443 442 1492 me
456 1424 549 1491 Deus
568 1433 668 1503 amet,
683 1430 720 1491 ut
737 1439 987 1512 nonnunquam
1010 1426 1168 1510 spectare

88 1544 168 1612 mihi
195 1542 318 1614 videor
344 1545 420 1615 illos
453 1543 674 1636 Penetopaeos
708 1542 907 1614 Homericos
930 1540 1074 1620 ProcoS‚
1101 1536 1168 1607 nisi

87 1667 179 1758 quod
202 1667 320 1738 hostes
342 1667 390 1735 iili
406 1669 556 1748 suerunt,
575 1665 608 1735 hi
631 1678 746 1737 autem
771 1675 853 1735 sunt
873 1663 984 1734 amici.
1006 1664 1171 1732 Exonero

87 1789 239 1857 animum
273 1787 446 1879 loquendo
476 1800 609 1869 tecum,
636 1789 744 1856 immo
776 1808 935 1868 mecum,
971 1795 1005 1854 et
1034 1782 1110 1853 ideo
1135 1791 1171 1852 te

90 1910 218 1980 tamdiu
241 1909 307 1980 hoc
329 1909 439 1978 inutili
462 1930 623 1980 sermone
641 1929 784 2002 occupo.
812 1907 959 1990 Quando
984 1918 1099 1975 autem
1126 1904 1172 1974 de

90 2054 152 2113 me,
176 2034 296 2116 frater,
316 2032 392 2103 haec
412 2031 602 2104 crederes?
628 2034 672 2101 Et
699 2042 806 2103 totum
829 2031 894 2101 hoc
916 2029 998 2098 unihi
1021 2028 1101 2098 facit
1124 2029 1172 2098 ie-

89 2155 178 2226 nitas
201 2175 297 2237 mea‚·
319 2176 400 2247 quae
422 2140 496 2236 me,¹
514 2166 639 2227 natura
657 2156 734 2225 licet
753 2157 860 2245 vuigo
880 2153 1109 2235 abstractum,
1137 2149 1170 2218 in

88 2300 270 2348 commuue
297 2278 456 2347 restituit.
487 2277 596 2369 Cupio
628 2286 798 2368 praeterea
834 2285 870 2344 et
900 2275 1065 2366 dispono,
1101 2274 1173 2342 Deo

89 2399 206 2482 dante,
226 2421 295 2469 non
317 2401 483 2488 tempium
505 2399 603 2466 Marti
626 2408 793 2487 quantum
822 2418 993 2486 nusquam
1015 2405 1112 2465 esset
1134 2406 1171 2465 ut

90 2520 197 2588 lulius
227 2519 360 2599 Caesar,
383 2519 574 2588 sedunum
598 2515 652 2587 hic
674 2540 821 2609 parvum
846 2517 1033 2588 oratorium
1055 2520 1172 2587 Beatae

91 2640 221 2730 Virgini
241 2650 424 2721 extruere3
446 2639 584 2732 iamque
600 2661 688 2730 opus
702 2638 901 2728 aggredior:
922 2639 987 2707 etsi
1007 2637 1172 2708 deberem

91 2761 222 2832 tihettos
245 2783 342 2833 meos
365 2763 548 2854 pignorare
570 2765 626 2832 vel
652 2761 816 2834 vendere.
839 2762 883 2830 Et
904 2759 932 2830 si
954 2759 1000 2830 ad
1020 2781 1174 2851 opuscu-

90 2888 159 2955 lum
187 2885 252 2956 hoc
272 2885 483 2978 explendum
507 2884 665 2955 Christus
686 2883 765 2953 mihi
786 2884 892 2953 vitam
913 2894 948 2953 et
972 2884 1168 2952 facultatem
1224 2904 1228 2910 ·

90 3006 236 3088 dederit,
268 3008 382 3078 statim
408 3007 437 3076 si
464 3006 582 3077 venire
614 3007 688 3098 ipsc
714 3006 955 3096 nonpossint,
980 3005 1070 3074 sicut
1103 3021 1173 3071 nou

93 3148 195 3219 posse
232 3129 379 3200 arbitror
421 3130 579 3200 desectus
610 3129 742 3198 viribus
778 3128 973 3220 corporeis,
1009 3127 1173 3196 famulum

95 3271 200 3317 unum
221 3250 264 3319 ad
285 3251 462 3320 domiuum
482 3273 598 3320 meum
618 3251 843 3322 Sabineusem
865 3262 899 3320 et
920 3251 964 3321 ad
986 3262 1019 3320 te
1041 3248 1172 3317 mittam

92 3371 137 3442 ad
160 3372 400 3442 retentandum
424 3373 500 3444 istic
520 3374 614 3465 quod
637 3373 717 3443 oiim
742 3395 796 3443 me
815 3375 942 3443 trustra
964 3371 1176 3453 voluissem

93 3495 166 3587 ipse
188 3495 255 3562 scit
275 3503 311 3562 et
337 3504 373 3562 tu
394 3495 498 3564 etiam
516 3517 583 3564 uon
613 3495 762 3584 ignoras.
792 3496 888 3576 Haec,
918 3495 1045 3574 amice,
1073 3512 1175 3562 cura-

94 3640 172 3686 rum
193 3638 349 3687 mearum
377 3637 458 3706 pars
485 3616 665 3686 millesima
697 3626 761 3686 est.
797 3615 832 3687 Si
868 3616 921 3684 his
953 3635 1039 3703 ergo
1072 3623 1200 3704 atque¹

95 3741 178 3821 aliia,
201 3750 236 3810 et
251 3739 345 3830 quod
365 3739 445 3807 urihi
464 3760 483 3807 a
505 3739 768 3831 praedecessore
784 3760 848 3807 suo
866 3737 1074 3828 promissum
1091 3749 1174 3820 erat,

95 3873 131 3931 ut
152 3863 258 3946 nosti,
282 3861 444 3931 dominus
466 3871 584 3928 noster
604 3859 709 3949 quieti
733 3879 821 3928 meae
844 3861 1025 3929 consuiere
1051 3857 1176 3948 digna·

95 3995 201 4085 retur,
228 4006 297 4054 uon
321 3991 505 4060 teneretur,
536 3983 657 4062 fateor,
682 3980 825 4068 indiguo
846 3991 879 4049 et
900 3979 1081 4058 immerito,
1105 3979 1172 4048 nisi

95 4104 138 4174 ud
152 4105 373 4176 imitationem
393 4109 509 4175 forsan
525 4103 616 4172 iilius
635 4102 734 4173 cuius
753 4103 864 4171 vicem
880 4103 977 4187 gerit,
993 4100 1052 4193 qui
1068 4103 1174 4170 multa
