2670 4688
467 313 506 358 ot
530 312 603 359 lli-ill
614 324 630 356 ³
653 311 875 359 [tumulus

129 462 312 552 scripseris
333 474 452 528 notum
471 474 537 527 est.
566 460 681 528 [test
702 460 843 527 animus
865 458 939 525 teri
965 458 1155 550 impatiens
1172 479 1211 526 eo

129 580 331 653 iniuriosius
351 583 511 674 plectitur
527 602 599 672 quo
617 581 748 649 scrius.
766 578 839 647 Nisi
857 580 977 648 lorsan
993 579 1115 670 opinio
1133 602 1210 651 tera

126 718 182 775 est
205 724 288 796 quae
307 701 557 795 tragoediarum
577 724 647 774 non
672 712 707 771 te
727 702 880 781 illarum,
906 700 973 771 sed
991 700 1042 773 tui
1066 702 1211 771 nominis

127 829 275 897 alterurn
288 828 362 895 vult
381 836 571 897 auctorem.
588 824 675 894 Nam
692 836 728 894 et
744 823 837 895 duos
848 825 1005 894 Senecas
1015 824 1209 897 Cordubam

129 948 296 1019 habuisse
318 948 461 1040 Hispani
483 958 592 1018 testes
617 958 714 1028 sunt,
740 960 775 1016 et
794 946 952 1016 Octaviae
953 1000 1066 1015 .........
1093 960 1210 1037 tragae·

129 1068 200 1141 diae
224 1071 270 1141 illi
296 1091 378 1141 esse
404 1092 541 1141 nomen.
570 1070 685 1139 Locus
708 1069 838 1160 aliquis
862 1067 954 1137 hanc
978 1068 1209 1162 suspicionem

130 1194 268 1288 recipit,
290 1213 395 1285 quam
418 1193 445 1259 si
468 1194 665 1284 sequimur,
685 1193 783 1284 quod
800 1191 848 1261 ad
869 1204 904 1260 te
923 1190 1067 1273 attinet,
1086 1212 1209 1286 expers

9 1356 21 1375 .
129 1330 166 1387 ιιι
185 1320 300 1411 culpae
320 1314 437 1384 huius.
464 1315 566 1398 Quod
586 1315 632 1386 ad
658 1316 775 1384 stilum
800 1313 888 1382 nihil
912 1313 971 1382 ille
997 1322 1034 1383 le
1060 1313 1207 1393 inferior,

127 1437 290 1529 quisquis
308 1447 373 1517 cst,
395 1456 476 1506 aevo
495 1438 573 1506 licet
596 1434 777 1506 secundus
796 1456 839 1505 ac
858 1432 1013 1505 numine.
1034 1434 1089 1507 lta
1108 1457 1211 1527 quan·

128 1571 200 1627 tum
224 1579 360 1629 morum
380 1557 534 1628 demitur
551 1559 712 1639 inlamiae,
724 1555 950 1627 ‘tantumdem
966 1558 1103 1648 ingenii
1119 1559 1210 1629 lam

125 1678 333 1750 detrahitur.
355 1680 478 1751 Omnis
494 1681 649 1773 alioquin
664 1679 860 1760 excusatio,
878 1678 946 1749 nisi
963 1679 1077 1763 lallor,
1096 1680 1208 1753 unos

125 1801 292 1872 carminis
305 1803 398 1873 nulla
411 1816 478 1874 est.
494 1802 572 1873 Non
582 1803 679 1894 quod
694 1824 763 1893 ego
776 1801 843 1872 sim
857 1800 1001 1872 nescius
1013 1802 1208 1874 nnllamrol

128 1922 257 2015 ingenii
271 1926 327 1995 rel
338 1925 515 1995 sermonis
526 1925 750 1995 acrimoniam
760 1923 919 1995 nefandis
930 1921 1074 1997 notibus
1083 1927 1208 2021 aequari

127 2067 232 2138 posse
249 2046 445 2118 turtinis...
464 2048 568 2119 illius.
586 2046 616 2115 si
634 2046 742 2116 modo
758 2044 909 2115 huminis
926 2046 1072 2118 nomine
1088 2046 1209 2140 dignus

124 2180 190 2237 est.
212 2167 301 2241 l'ide
321 2180 438 2239 tamen
459 2190 543 2238 num
565 2178 599 2236 te
618 2165 756 2237 deceret
776 2166 811 2237 id
829 2166 995 2251 scribere,
1008 2166 1058 2241 de
1070 2170 1210 2263 impera-

126 2304 202 2361 tore
235 2288 448 2363 subiectum.
474 2290 520 2361 de
551 2289 695 2361 domino
722 2289 945 2371 familiarum,
970 2287 1019 2361 de
1044 2290 1211 2386 discipulo

125 2426 399 2508 praeoeptotunt:
421 2426 600 2509 postremo
618 2411 665 2482 de
685 2411 746 2481 illo
764 2412 821 2482 cui
840 2424 908 2482 tam
930 2413 1043 2481 multa
1068 2410 1209 2483 blandiri

126 2558 170 2609 nc
187 2536 303 2611 dieunt
324 2534 538 2610 blandiendo
555 2536 691 2607 mentiri
710 2535 835 2605 solitus
850 2554 942 2603 eras.
960 2532 1095 2626 llelege
1111 2533 1210 2606 libro

126 2682 219 2751 quos
240 2662 289 2733 ad
312 2684 393 2733 eum
420 2664 535 2754 ipsum
560 2659 606 2730 de
630 2658 836 2729 Clementia:
862 2658 1140 2751 revolse'qnem
1171 2656 1209 2727 ad

127 2781 313 2873 Polybium
330 2782 377 2853 de
396 2780 637 2851 consolatione
656 2777 819 2850 dictasti:
837 2792 967 2849 caetern
981 2775 1144 2873 denique
1160 2790 1211 2851 tua

125 2922 201 2968 rum
221 2901 422 2988 vigiliarum
443 2908 669 2969 monumenta
695 2922 878 2991 percurre.
906 2902 937 2972 si
962 2898 1071 2973 modo
1090 2904 1149 2975 vel
1174 2902 1210 2973 li-

125 3017 208 3090 bros
223 3019 282 3087 vel
300 3017 466 3087 librorum
485 3018 691 3089 memoriam
708 3021 843 3093 Lethaei
861 3022 1011 3115 gurgitis
1031 3024 1132 3098 undu
1146 3045 1210 3095 non

124 3143 251 3215 obruit.
269 3139 419 3213 Pudebit
430 3140 538 3212 credo
554 3142 683 3215 laudati
704 3142 877 3240 discipuli.
895 3148 972 3231 Qua
987 3146 1085 3219 enim
1101 3150 1211 3221 fronte

123 3263 168 3337 de
185 3264 244 3336 tali
257 3263 339 3336 talia
355 3264 540 3357 scripsisse
554 3269 710 3356 potueris
724 3269 846 3359 ignoro
857 3282 971 3340 certe:
983 3291 1052 3362 ego
1065 3272 1124 3343 illu
1139 3272 1211 3343 siue

125 3387 257 3479 ptidore
274 3409 343 3458 noo
363 3387 494 3477 relego.
512 3386 581 3457 Sed
603 3388 658 3458 hic
685 3411 809 3460 rursus
835 3410 1014 3474 occurres,
1035 3401 1073 3463 et
1096 3392 1213 3465 adole·

124 3510 291 3581 neemiam
307 3508 488 3602 principis,
507 3520 614 3601 atque
631 3510 782 3582 indolem
799 3514 948 3585 multum
965 3513 1041 3609 spei
1057 3516 1212 3588 melioris

124 3632 368 3725 rrrmlereutem
388 3628 571 3715 obiiciens,
590 3655 746 3705 errorem
767 3644 862 3705 tuum
882 3637 1063 3730 repentina
1077 3659 1212 3709 morum

121 3754 198 3821 niun
220 3753 409 3826 mutatione
436 3752 611 3826 tutabere:
633 3755 734 3849 quasi
762 3776 848 3827 vero
873 3755 950 3827 haec
971 3755 1073 3829 nobis
1094 3759 1214 3851 ignota

123 3878 199 3945 slot.
226 3874 353 3946 Vrerurn
373 3874 450 3969 ipso
465 3874 648 3949 considera
665 3900 772 3970 quam
790 3878 835 3949 sit
852 3876 1109 3964 inexcusabile,
1129 3905 1216 3978 pau·

122 3996 197 4069 rnln
229 3997 402 4089 rursunnti
433 3999 597 4097 principis
621 4001 800 4091 opuscula,
826 4000 882 4069 vel
915 4000 1088 4073 simulata
1104 4006 1216 4097 pieta·

126 4132 169 4197 li.-
187 4120 337 4204 uultur,
354 4121 554 4217 obliquasse
573 4123 780 4195 animumne
796 4122 959 4194 iudicium
975 4122 1036 4193 tibi
1053 4126 1111 4197 tali
1126 4126 1215 4201 niro.
