2670 4688
546 106 728 173 EPISTULA
748 105 782 167 V.

316 304 510 356 Fatuclsctts
529 302 699 353 nundinet
719 299 856 350 ntttcln:
878 300 904 348 S.
926 300 955 348 Ρ.
975 300 1006 347 ll.

208 473 369 544 Respondet
383 471 493 526 cuidam
507 469 663 537 obiurgnnti
677 469 752 540 quod
766 468 913 522 Mediolani
927 463 1114 520 constitisset.¹

64 675 109 763 τ’
221 713 356 794 ltlalicia
385 710 553 782 salutabis
585 711 731 780 Ganum.
758 710 843 779 Eius
882 709 1028 798 vulgare
1059 727 1198 777 carmen

64 802 76 847 ἶ
124 855 293 927 responso
314 856 382 905 noo
401 854 507 924 egere
524 831 616 902 idem
638 832 712 923 ipse
732 831 791 923 qui
814 829 952 924 scripsit
969 831 1145 912 fateretur,
1169 828 1199 900 si

64 926 71 971 ⁵⁵
122 956 246 1027 videre
277 955 394 1027 omnia
422 955 560 1049 penitus
586 965 716 1049 posset.
744 953 814 1024 Sed
838 974 937 1024 error
968 953 1047 1024 lacti
1073 973 1200 1044 magna

124 1098 218 1171 saepe
235 1076 320 1147 fallit
336 1076 485 1168 ingonia.
504 1076 601 1147 Multi
620 1074 743 1147 similia
764 1075 989 1168 scripserunt,
1015 1075 1078 1147 sed
1098 1097 1200 1148 nomo

121 1198 186 1270 luit
205 1200 275 1291 qui,
299 1220 337 1269 ro
357 1210 555 1291 comperta,
578 1199 784 1270 sententiam
812 1218 881 1266 non
908 1206 1067 1268 mutaret.
1089 1198 1201 1270 lictus

123 1332 158 1391 et
171 1321 335 1413 suspicio,
353 1320 543 1391 amantium
561 1319 721 1404 comitae,
741 1341 803 1413 per
819 1317 1012 1390 absentiam
1028 1332 1200 1392 crescunt.

123 1442 230 1512 Multa
263 1440 307 1513 de
340 1443 529 1533 longinquo
557 1443 719 1512 timemus
745 1462 826 1533 quae
854 1440 921 1512 sub
944 1439 1055 1513 oculis
1089 1440 1202 1534 posita

124 1562 270 1635 ridenda
301 1564 557 1654 cognoscimus.
590 1564 700 1647 Ponat
730 1584 817 1654 ergo
848 1574 978 1634 metum
1011 1572 1047 1633 et
1075 1561 1201 1651 bopam

123 1706 221 1781 spem
247 1685 419 1777 concipiat
448 1683 492 1754 de
518 1684 642 1767 amico,
665 1685 720 1755 cui
742 1707 812 1756 nou
833 1684 937 1756 modo
957 1680 1203 1755 florentissima

124 1807 231 1878 ltaliae
250 1827 346 1899 pura,
370 1804 433 1876 sed
455 1806 485 1874 si
505 1815 675 1899 oporteat,
709 1805 827 1897 quivis
861 1804 1025 1876 Indorum
1050 1804 1203 1894 angulus

123 1939 184 1999 aut
197 1939 356 1999 extrema
369 1924 574 2016 Taprobane
591 1927 702 2016 patria
719 1936 784 1997 est.
804 1927 916 2017 Super
934 1925 990 1995 bis
1007 1923 1203 1996 secundum

126 2057 220 2119 tuam
240 2047 332 2116 illam
356 2044 587 2139 praerapidam
609 2045 841 2137 eloquentiam
861 2044 1060 2136 disputabis
1087 2053 1124 2114 ut
1144 2044 1203 2116 tibi

124 2167 265 2240 videtur
286 2164 368 2238 viva
388 2186 489 2249 voce,
512 2165 576 2237 sed
596 2187 666 2237 non
686 2186 813 2257 aspera
834 2177 872 2237 ut
889 2165 1013 2235 solitus
1032 2185 1097 2236 cs:
1120 2187 1203 2237 sua-

125 2290 228 2372 viter,
263 2309 326 2359 oro
351 2297 402 2373 te,
430 2287 506 2358 sine
538 2289 688 2357 clamore
691 2338 761 2358 ......
774 2275 799 2370 ,’
832 2298 869 2358 et
899 2287 977 2358 siae
1004 2288 1205 2361 accentibus

125 2409 316 2493 horrificiS,
338 2409 490 2501 deniquo
508 2430 577 2478 uon
597 2405 794 2499 barbarice,
813 2428 955 2500 quaeso,
978 2407 1042 2480 sed
1063 2408 1185 2481 italice.

216 2575 225 2604 ¹
241 2573 307 2624 nata
317 2574 445 2636 spiriolos,
460 2586 536 2637 paam
546 2586 561 2622 a
572 2572 654 2622 codice
666 2571 827 2626 ttdliotleccc
836 2576 1041 2640 deprompsimus,
1055 2576 1119 2626 lucc
1130 2588 1206 2641 pm·

125 2653 201 2702 mirra
220 2653 336 2715 loquutur
346 2667 355 2701 .·
374 2653 480 2715 Quidam
506 2653 629 2715 eloquens
652 2653 738 2705 Genus
761 2655 793 2705 de
817 2656 886 2707 Colle
914 2657 983 2707 misit
1015 2656 1143 2719 vulgarem
1163 2671 1205 2707 so·

125 2739 223 2783 nettum
232 2733 275 2784 Fr.
284 2732 407 2783 Petraroae
419 2747 464 2796 per
477 2733 586 2795 lingnam
600 2730 730 2783 cuiusdam
743 2734 837 2785 lusoris
850 2736 950 2786 nomine
962 2735 1059 2785 llallcla
1073 2738 1205 2789 contmodo

124 2813 236 2876 volgaria
250 2813 388 2873 recitantis,
403 2813 429 2861 ln
445 2825 497 2875 quo
513 2809 643 2874 praelatum
660 2812 789 2863 dominum
809 2814 970 2865 Fraoclscam
992 2816 1152 2866 commendat
1168 2818 1205 2868 dt-

124 2904 185 2942 ccns
195 2891 276 2952 ipsum
293 2902 352 2939 esse
362 2889 450 2939 muudi
464 2889 566 2939 unicum
578 2890 659 2941 solent
672 2896 698 2939 et
712 2890 838 2951 singulare
851 2891 945 2953 lumen,
956 2893 1060 2943 barlens
1069 2906 1126 2943 curn
1137 2895 1205 2959 quod

125 2970 265 3022 discedata
282 2968 414 3033 tyrannide
430 2969 587 3020 dominorum
604 2967 637 3018 do
652 2968 801 3028 Mediolano,
818 2977 845 3020 et
861 2970 965 3021 accedat
980 2972 1014 3022 ad
1029 2971 1153 3023 libertatis
1169 2973 1207 3024 to·

124 3064 191 3111 cum,
205 3056 232 3101 et
241 3050 297 3114 ipso
309 3049 427 3101 dominus
439 3048 586 3101 tnnusous
597 3051 730 3115 sumnus
740 3051 888 3114 portitorem
900 3053 997 3115 sottetti¹
1008 3053 1052 3117 qui
1068 3054 1206 3116 prodam·-

125 3130 223 3181 clooem
236 3127 289 3191 tric)
300 3127 409 3178 babebat
420 3128 605 3191 quodammodo
616 3140 730 3193 asperam
743 3137 770 3181 et
782 3136 891 3190 acutam,
903 3131 941 3180 stc
952 3131 1098 3194 respondet.

217 3207 227 3235 ¹
242 3208 303 3259 llelc
313 3208 339 3257 ln
352 3208 439 3259 codice
450 3214 511 3258 sunt
523 3208 573 3259 duo
585 3208 674 3268 rerba,
687 3220 795 3272 qnorum
812 3208 920 3272 primurn
937 3210 1007 3259 nullo
1020 3208 1096 3260 modo
1112 3208 1205 3259 intelll-

124 3289 309 3354 perediam
317 3287 425 3340 orationi
434 3290 615 3341 convenienter
623 3295 710 3354 aptare
721 3290 946 3354 mittimpcssttrltc
956 3290 1082 3342 risumest
1092 3304 1099 3351 ;
1109 3289 1205 3342 seiltcer

124 3368 213 3421 carobs
224 3370 297 3432 finpo.
