2670 4688
287 303 379 352 mann
400 299 928 353 nummularius-nonnoni
949 300 1003 350 xu.
1122 285 1183 350 alo

105 449 142 511 ot
155 457 252 530 saepe
267 457 345 509 sum
360 446 524 529 questus,
543 445 579 506 et
596 433 759 527 quotiens
771 435 817 507 ad
831 447 947 507 actum
963 432 1070 507 redeo
1082 434 1182 528 queri

104 569 252 655 oportet,
273 559 387 631 omnis
405 557 517 641 labor,
539 579 642 629 omne
666 576 755 649 opus
775 556 820 628 ad
846 558 911 629 hos
936 560 1004 630 iam
1022 559 1183 631 defessos

103 685 310 775 attritosque
329 680 496 771 digitulos
518 678 718 760 revertitur,
740 676 853 747 omnis
875 678 1010 750 sarcina
1035 678 1099 750 hos
1119 680 1183 750 im·

101 806 245 879 hecilles
265 815 481 894 onustosque
497 801 623 894 premit
640 799 815 870 humeros.
833 799 878 868 Et
894 798 961 870 hoc
981 800 1093 892 ipsum
1111 820 1184 871 ma-

104 950 174 1020 gno
194 927 310 999 auimo
331 924 528 996 ferendum:
550 943 630 992 uam
650 922 844 1016 vepricosis
863 919 1008 993 callibus
1027 919 1185 992 ascendi·
1237 949 1239 953 >

105 1061 162 1123 tur
175 1071 245 1142 quo
259 1047 409 1140 suspiro.
425 1046 609 1136 Nunquam
624 1054 692 1116 tum
706 1042 843 1115 iuvenis
855 1042 905 1114 lui
919 1041 1013 1116 ulad
1029 1042 1184 1136 requiem

104 1192 162 1240 me
181 1170 323 1241 venisse
341 1167 539 1251 crederem,
560 1167 722 1260 quamvis
744 1167 834 1239 illam
856 1186 962 1259 saepe,
980 1165 1025 1238 de
1041 1188 1112 1260 quo
1124 1165 1186 1238 ho·

104 1291 163 1364 die
182 1292 304 1374 miror,
328 1289 386 1360 ubi
408 1310 476 1360 non
493 1301 569 1361 erat
585 1288 721 1373 infelix,
737 1298 775 1361 et
793 1275 910 1361 nescio
926 1288 1011 1381 quid
1027 1288 1185 1380 cogitans

104 1415 206 1505 quasi
227 1433 290 1505 per
310 1408 472 1483 tenebras
498 1411 674 1504 palpando
699 1412 911 1503 quaesierim.
938 1412 1020 1487 limo
1048 1411 1122 1482 dixi
1146 1431 1187 1481 o·

106 1535 213 1618 mnia,
228 1556 273 1605 ne
287 1556 342 1604 me
361 1552 507 1605 accuses
527 1533 621 1626 quod
642 1553 714 1604 rem
735 1534 780 1605 ad
794 1542 828 1603 te
844 1533 998 1605 maxime
1011 1532 1186 1625 pertinen·

106 1665 175 1727 tem
196 1655 350 1727 noudum
372 1653 433 1724 tibi
455 1653 721 1734 transmiserim,
752 1652 809 1725 cui
829 1653 897 1725 etsi
912 1674 981 1725 nou
1006 1656 1108 1746 plena
1124 1674 1187 1725 cu·

105 1779 205 1862 ratio,
232 1789 268 1851 ut
296 1777 446 1849 lenimen
472 1778 559 1847 lorte
584 1775 738 1869 aliquod,
764 1788 800 1848 et
827 1784 922 1846 certe
950 1774 1034 1846 dum
1060 1775 1187 1867 legitur

106 1899 287 1992 occupatio
305 1898 477 1991 quaerlam,
497 1900 738 1988 malorumque
756 1895 850 1969 utilis
864 1895 945 1968 insit
956 1895 1097 1968 oblivio.
1111 1897 1186 1968 Cae-
1303 1975 1305 1980 ,

108 2033 220 2093 terum
246 2022 340 2113 quod
365 2022 547 2114 praesentis
572 2021 730 2115 epistolae
756 2020 878 2104 luerit,
900 2020 1059 2091 morbum
1087 2031 1184 2091 tuum

105 2143 176 2227 odi,
199 2142 397 2237 patientiam
414 2164 508 2226 amo,
528 2152 566 2214 ut
582 2143 735 2214 nesciam
753 2164 798 2213 an
812 2140 964 2235 optabile
982 2145 1109 2214 malum
1127 2141 1183 2226 sit,

107 2265 137 2336 si
158 2276 273 2336 lamen
295 2274 388 2337 recte
409 2267 537 2336 malum
553 2265 694 2350 dicitur,
715 2265 810 2359 quod
829 2276 863 2337 te
880 2267 917 2336 in
934 2264 1185 2358 experientiam

108 2389 156 2459 tui
177 2388 299 2479 ipsius,
320 2398 357 2457 et
375 2388 637 2480 possessionem
658 2385 838 2478 pacificam
853 2387 935 2458 tunti
949 2386 1031 2458 boui
1044 2387 1135 2459 duro
1147 2386 1186 2456 li·

107 2518 162 2578 cet
186 2507 323 2577 tramite
348 2506 499 2577 duxerit.
526 2506 570 2576 Et
595 2506 658 2589 sic,
677 2527 752 2588 oro,
779 2528 859 2596 age,
875 2528 964 2578 neve
980 2507 1184 2597 defatigem,

108 2630 169 2700 sed
190 2630 331 2711 insiste,
354 2636 458 2718 teque
479 2629 569 2698 inter
590 2627 684 2718 ipsas
698 2627 879 2717 angustias
897 2629 1038 2718 increpa
1053 2637 1091 2698 et
1106 2629 1187 2697 hor-

108 2763 181 2823 tare
203 2761 239 2821 et
250 2749 385 2822 obdura
405 2748 560 2820 animum
579 2758 684 2840 atque
696 2750 823 2820 attolle.
842 2748 918 2819 Non
936 2746 1072 2838 indiges
1087 2748 1187 2819 adiu·

108 2885 180 2944 tore
200 2873 264 2943 nisi
285 2872 448 2944 aethereo.
461 2872 533 2943 ‘llle
554 2873 667 2945 aderit
685 2884 721 2943 et
739 2872 900 2943 dextram
918 2869 1073 2963 porriget
1092 2868 1188 2942 labo-

108 2997 208 3078 ranti,
227 2994 388 3086 quotiens
405 2995 449 3067 ad
463 3017 545 3067 eum
561 2994 735 3089 poeticum
754 2994 839 3065 illud
857 2992 1045 3065 christiana
1059 2993 1188 3086 pietate

108 3119 332 3188 clamaveris:
351 3119 580 3211 terraemotis,
594 3122 724 3201 inuicte,
739 3120 845 3202 molis,
860 3118 965 3190 modo
978 3140 1021 3189 ue
1033 3114 1184 3202 dubites

108 3260 153 3309 ne
172 3236 318 3321 diliidas,
341 3262 409 3311 neu
431 3250 464 3311 te
485 3241 580 3312 humi
600 3245 733 3312 sessum
755 3241 912 3322 inclines,
927 3239 991 3310 sed
1004 3238 1187 3309 adcoelum

107 3361 237 3449 erigas,
255 3369 291 3427 et
308 3359 506 3431 memineris
519 3362 611 3433 illius
629 3373 664 3434 te
676 3383 780 3454 opem
793 3360 991 3454 implorare,
1006 3359 1065 3452 qui
1079 3359 1188 3430 multo

109 3481 220 3570 magis
237 3502 342 3570 quam
359 3489 392 3549 tu
409 3482 482 3574 ipse
502 3480 561 3550 tibi
582 3503 789 3553 succursum
807 3482 904 3564 velit,
928 3481 991 3551 sed
1008 3478 1137 3572 quibus
1151 3478 1188 3550 id

106 3603 235 3696 optime
256 3599 316 3673 fiat
336 3601 472 3692 ignotas
494 3603 625 3673 homini
643 3605 720 3676 vias
740 3605 846 3676 novit.
865 3604 930 3674 Est
948 3601 1006 3673 ubi
1027 3612 1187 3672 votorum

106 3724 224 3795 dilatio
239 3745 320 3818 pars
338 3722 498 3819 beneficii
512 3746 639 3816 magna
654 3726 708 3796 sit.
725 3728 876 3797 Salutem
891 3734 1013 3816 optare
1029 3733 1185 3794 nostrum

107 3847 226 3930 suerit,
249 3847 388 3918 modum
409 3868 450 3918 ac
465 3857 601 3939 tempus
621 3848 655 3918 in
673 3847 765 3917 illius
779 3847 922 3918 arbitrio
939 3846 1185 3939 relinquamus,

106 3968 206 4039 cuius
228 3991 291 4040 uec
311 3970 474 4041 voluntas
494 3969 663 4052 variatur,
686 3990 751 4038 neo
775 3969 938 4039 iudicium
960 3969 1099 4052 lallitur,
1122 3989 1187 4038 neo

106 4092 258 4181 potentia
282 4096 456 4187 fatigatur.
483 4091 527 4163 Et
553 4091 638 4163 uihil
663 4091 707 4163 de
740 4090 832 4162 illius
852 4089 982 4163 auxilio
1007 4092 1185 4184 desperes,
