2670 4688
355 293 447 340 uiuus
468 291 857 341 vicesimus-suissuia
884 293 946 340 tui.
1148 280 1186 339 tt

110 435 156 504 tui
179 433 286 526 ipsius
308 429 482 502 oblivione
501 435 687 524 prolapsus
706 434 767 514 sis,
788 452 950 525 prorsum
969 430 1084 501 mirari
1101 433 1185 502 satis

107 570 142 627 et
162 567 302 649 stupere
323 577 391 626 uon
413 576 568 646 possum.
591 554 652 623 Ais
671 555 780 636 euim,
799 551 894 644 quod
911 553 1041 624 utinam
1055 555 1187 625 ratione

109 700 177 749 nou
197 699 368 770 expressa
388 677 536 758 diceres
561 687 598 746 ut
624 675 707 745 mihi
734 675 880 745 liberum
909 676 1110 767 reliquisses
1135 676 1189 746 di-

109 810 202 870 ctum
224 810 322 871 tuum
344 799 450 891 (quod
470 797 695 890 cupidissime
715 797 892 888 iacerem),
917 819 1105 881 excusare;
1126 791 1188 872 sed

109 922 196 993 dicis
222 934 254 992 te
279 932 420 1015 propter
446 930 538 991 tuam
560 929 800 1014 paupertatem
835 920 928 1012 (quae
948 928 984 989 ut
1000 930 1056 990 est
1075 944 1188 1011 genus

109 1058 144 1117 et
163 1049 288 1128 virtus,
323 1045 498 1136 quomodo
531 1053 644 1114 tecum
672 1064 752 1113 esse
784 1046 895 1134 possit
915 1066 982 1114 non
1005 1043 1186 1138 intelligo),

108 1169 192 1238 mibi
213 1166 505 1259 contemptibilem
527 1168 706 1250 effectum,
738 1168 769 1236 si
795 1166 862 1236 diis
897 1168 1019 1260 placet,
1052 1180 1190 1260 propter

109 1313 208 1362 meas
221 1291 363 1362 divitias
376 1346 382 1373 ,
397 1289 534 1380 quibus,
552 1288 740 1370 mandisti,
764 1310 827 1359 neo
847 1310 936 1378 egeo
954 1310 1017 1360 uec
1038 1289 1187 1371 abundo,
1274 1370 1277 1377 ,

109 1412 308 1505 quibusque
327 1411 472 1505 posthae
494 1413 607 1481 minus
628 1433 668 1481 ac
686 1411 801 1480 minus
819 1413 875 1480 vul
893 1411 1071 1482 abundare
1084 1434 1190 1505 posse

109 1536 233 1607 videor
245 1538 432 1627 veiegere,
447 1533 543 1627 quod
559 1533 640 1604 mihi
656 1543 691 1604 et
704 1536 925 1605 incuriositas
940 1556 1054 1604 rerum
1071 1535 1189 1618 maior,

109 1673 146 1731 et
161 1661 219 1731 via
240 1659 352 1730 minor
377 1659 411 1727 iu
438 1657 528 1741 dies,
556 1657 613 1727 cui
639 1655 723 1727 iilud
757 1657 921 1728 viaticum
951 1657 1188 1749 quaerebatur.

110 1785 184 1855 Heu
205 1805 310 1875 quam
331 1804 416 1852 vera
434 1791 515 1850 suut
536 1777 732 1871 proverbia!
755 1780 838 1850 iilud
852 1781 1046 1870 insigniter,
1063 1783 1190 1851 multos

110 1905 245 1975 modios
282 1906 364 1974 satis
392 1904 492 1973 simul
520 1903 676 1973 edendos
698 1924 794 1985 esse,
819 1913 857 1971 ut
877 1903 1039 1973 amicitiae
1065 1925 1192 1983 munus

111 2030 289 2122 expletum
324 2027 378 2097 sit.
412 2027 508 2116 Ergo
532 2046 600 2116 ego
625 2024 715 2095 hanc
742 2034 812 2095 tuae
837 2025 1009 2117 opinionis
1032 2027 1192 2097 iniuriam

111 2153 235 2232 merui,
259 2160 297 2219 ut
317 2159 378 2219 aut
397 2161 539 2240 proptor
555 2169 651 2241 opes,
674 2148 900 2238 quantumvis
922 2148 1112 2230 affluerent,
1134 2168 1193 2218 su-

110 2272 300 2365 perbirem,
319 2275 400 2363 quia
419 2271 550 2341 scilicet
567 2271 715 2363 plurium
734 2268 871 2340 debitor
892 2271 1104 2360 invidiaeque
1130 2294 1194 2364 pa·

112 2395 250 2464 tientior
271 2396 382 2462 sactus
403 2414 533 2474 essem,
553 2415 623 2483 quo
643 2393 747 2462 attius
773 2392 1027 2474 ascendissem,
1050 2415 1092 2463 eo
1113 2415 1193 2483 gra-

112 2517 193 2581 vius
213 2532 377 2591 casurus;
399 2522 458 2580 aut
477 2525 616 2603 propter
635 2522 885 2605 paupertatem,
912 2534 980 2581 uon
1007 2512 1117 2583 dicam
1146 2525 1191 2594 te,

113 2655 216 2724 quem
237 2631 325 2703 iuter
337 2653 459 2701 omues
477 2642 674 2702 coaetaneos
690 2641 767 2701 tuos
780 2633 947 2722 singuiari
964 2633 1115 2724 quadum
1130 2657 1193 2706 ve-

113 2755 290 2826 neratione
302 2757 506 2849 complexus
521 2776 610 2837 sum,
626 2754 688 2826 scd
701 2776 944 2848 quemcunque
956 2755 1193 2850 despicerem?

112 2900 189 2949 cum
209 2890 328 2950 contra
348 2898 590 2970 saepenumero
610 2889 688 2970 post
703 2876 845 2948 divitias
859 2877 1083 2972 despexerim
1103 2903 1192 2975 quos

110 3013 189 3073 aute
211 3023 442 3096 suspexeram
464 3012 568 3094 atque
587 3003 776 3085 colueram,
799 3022 866 3072 nou
888 3005 970 3095 quia
991 3026 1054 3097 per
1075 3025 1114 3075 se
1134 3009 1190 3076 vel
1293 2983 1295 2988 λ

109 3125 373 3195 contemnendae
389 3124 523 3196 divitiae
544 3127 601 3194 vel
622 3124 780 3195 amabitis
808 3126 851 3195 sit
877 3136 1082 3218 paupertas,
1111 3150 1189 3197 cum

110 3269 130 3315 a
151 3244 369 3338 philosophis
391 3248 466 3317 baeu
487 3249 576 3318 inter
608 3248 837 3320 indifferentia
862 3252 1037 3321 numerari
1059 3250 1192 3321 didice-

112 3365 191 3447 rim,
214 3366 278 3435 sed
298 3367 393 3457 quia,
412 3369 506 3458 quod
524 3368 726 3440 observatio
743 3371 847 3461 ionga
862 3393 916 3441 me
929 3370 1057 3453 docuit,
1072 3369 1190 3442 m'uttis

110 3485 308 3557 adversitas
328 3485 392 3556 fuit
415 3489 531 3560 schola
550 3490 733 3577 virtutum,
762 3495 975 3585 prosperitas
1003 3493 1189 3566 vitiorum?

109 3610 240 3680 Verum
260 3630 326 3699 ego
345 3608 530 3682 scribendo
555 3612 623 3683 iam
645 3616 760 3685 sessus
783 3635 875 3699 sum,
905 3636 968 3686 nec
992 3615 1108 3685 minus
1137 3619 1189 3686 iu·

108 3730 279 3822 quireudo
301 3730 475 3823 quomodo
497 3732 556 3804 tibi
573 3737 668 3805 verrit
690 3735 723 3804 in
748 3747 898 3808 mentem
915 3746 952 3806 ut
965 3736 1187 3812 benediceres

108 3863 143 3924 et
165 3863 224 3925 tuo
241 3854 319 3926 stilo
336 3864 371 3925 et
391 3855 477 3925 meis
498 3855 654 3926 muribus
673 3857 800 3928 atiena:
823 3860 890 3928 nisi
905 3859 991 3932 forte
1013 3861 1187 3933 sitentium

110 3997 224 4047 meum
238 3998 340 4069 aequo
354 3977 504 4068 longius,
524 3977 642 4061 fateor,
663 3980 837 4071 castigare
854 3983 920 4054 hoo
941 3986 1109 4079 supplicio
1128 4007 1188 4056 vo-

110 4098 211 4170 luisti.
246 4100 355 4182 Ouum
380 4103 469 4171 iuste
491 4121 558 4170 uon
581 4100 737 4195 disputo:
765 4105 877 4175 omnis
904 4107 996 4199 apud
1023 4133 1077 4179 me
1105 4111 1188 4179 tanti

235 4234 269 4271 tu.
1015 4231 1029 4276 :t
