2670 4688
125 292 183 351 ltltl
589 299 750 347 vnurnuuu

126 447 290 539 loquitur3
303 448 452 518 clamant
464 453 570 527 actus
585 464 648 537 pro
662 440 788 535 quibus
802 443 955 534 gratias
970 466 1092 538 agens
1106 451 1218 518 clamat

123 571 259 640 animus
294 590 411 652 mem,
446 569 563 658 lingua
594 576 707 637 tamen
735 565 832 647 silet,
876 570 940 638 cui
966 572 1218 664 parlamentis
1272 574 1275 591 '

124 693 190 764 tuis
206 690 314 763 verba
328 713 396 763 non
411 697 615 783 suppetunt:
637 687 672 758 id
689 689 779 759 euim
802 690 886 780 agis
908 713 993 764 non
1020 706 1062 766 ut
1084 698 1218 787 vulgare

122 814 259 906 aliquid,
280 814 342 886 sed
360 824 397 885 ut
418 833 580 907 suprema
598 811 681 882 vitae
702 810 839 902 gaudia,
859 813 1095 901 libertatem,
1112 821 1218 890 solitu·
1271 894 1274 900 Δ

122 935 252 1022 dinem,
275 939 394 1021 otium,
412 935 594 1020 silentium,
626 935 660 1005 id
686 936 762 1025 agis
783 944 822 1005 ut
839 935 1021 1012 laborum
1052 944 1170 1024 ferias¹
1189 956 1218 1012 ut
1270 983 1275 1019 ι

124 1059 317 1152 tranquillae
329 1060 454 1129 mentis
468 1067 606 1142 statum,
623 1066 659 1128 ut
672 1069 704 1128 te
716 1067 910 1150 postremo,
927 1070 974 1132 ut
989 1085 1053 1135 me
1077 1066 1163 1136 mibi
1176 1087 1219 1135 re
1269 1102 1275 1189 q

123 1182 256 1254 stituas.
276 1183 312 1251 lu
334 1202 403 1273 quo
423 1191 456 1252 te
472 1179 558 1252 adeo
574 1179 777 1272 pervigilem
803 1179 944 1271 probas
971 1188 1089 1278 quasi
1113 1210 1218 1259 rerum

121 1306 304 1377 immemor
325 1304 554 1375 maximarum
579 1303 661 1374 huic
679 1303 737 1374 uni
762 1322 866 1373 omne
890 1304 1070 1379 studium
1089 1332 1219 1382 curam

122 1449 190 1520 que
210 1427 410 1510 devoveris;
428 1427 521 1521 quod
540 1425 622 1496 mihi
641 1436 784 1519 stupens
805 1424 981 1500 Socrates
1012 1454 1126 1506 meus
1144 1433 1219 1506 scri-

121 1551 173 1622 bit
192 1564 227 1623 et
247 1550 327 1623 stilo
343 1551 445 1622 efficit
461 1561 499 1621 ut
515 1571 603 1643 pene
624 1548 728 1620 rebus
754 1546 839 1640 ipsis
865 1547 1124 1627 interfuerim.
1147 1558 1217 1629 Per-

121 1675 231 1747 iecisli
253 1675 319 1744 iam
344 1673 495 1755 taudem,
530 1684 567 1743 ut
587 1692 704 1764 spero,
739 1668 831 1762 quod
859 1689 964 1764 saepe
992 1684 1215 1761 tentaveras.

122 1797 424 1888 obluctantemque
440 1795 626 1865 Fortunam
651 1815 713 1887 pro
742 1792 820 1861 nisu
846 1802 882 1863 et
919 1794 1123 1872 indefessa
1150 1803 1218 1875 dili·

121 1921 236 2013 gentia
265 1917 429 2010 fatigasti:
461 1916 553 1988 victa
581 1917 648 1988 iam
675 1913 774 1985 nobis
800 1914 907 2001 cedit,
933 1927 974 1988 et
994 1924 1147 2015 patitur
1168 1938 1218 2011 ut,

121 2039 214 2132 quod
228 2060 367 2131 semper
383 2050 597 2131 optaveram,
617 2059 724 2132 prope
745 2048 779 2109 te
792 2038 920 2123 vivam,
942 2063 1071 2138 prope
1092 2059 1129 2120 te
1152 2071 1219 2121 mo

122 2160 204 2241 riar3
221 2157 314 2250 quod
336 2159 366 2227 si
385 2160 431 2229 ita
447 2144 679 2245 estutaudio,
695 2161 901 2244 faristinam,
917 2164 1055 2251 fateor,
1072 2194 1152 2264 qua
1164 2194 1220 2243 ne

121 2281 193 2353 scio
213 2301 256 2350 an
273 2281 340 2351 ulla
354 2279 435 2350 mibi
451 2281 580 2372 gratior
597 2279 672 2353 fieri
686 2295 814 2376 posset.
830 2283 1035 2372 Caeterum,
1066 2304 1111 2365 ut
1127 2296 1222 2391 priu-

121 2404 210 2499 cipio
230 2401 334 2474 finem
355 2403 511 2496 iungam,
542 2406 787 2477 conscientiam
816 2414 908 2476 tuam
929 2407 1149 2508 interroga,
1170 2418 1222 2488 illa

123 2538 220 2601 tuum
242 2537 276 2598 te
296 2549 436 2622 quoque
455 2529 632 2621 negotium
650 2530 773 2600 fecisse
790 2526 968 2598 fatebitur.
995 2533 1143 2631 Supple
1162 2539 1222 2632 igi-

123 2663 180 2724 tur
197 2651 411 2723 inscientiam
426 2672 550 2736 meam,
567 2661 601 2722 et
622 2661 660 2721 tu
677 2651 737 2722 tibi
758 2650 888 2742 gratias
906 2671 990 2742 age,
1009 2662 1124 2748 quod
1146 2664 1222 2734 lioer

124 2794 144 2844 a
164 2774 301 2844 nemine
335 2771 410 2843 fieri
434 2773 499 2864 ipsi
524 2795 589 2863 ego
610 2774 697 2867 patri
719 2781 837 2843 nostro
862 2771 1040 2848 Meldeusi
1063 2787 1220 2880 scripse

122 2894 203 2978 rim,
224 2894 273 2965 sio
293 2893 418 2965 habeto
435 2893 708 2965 efficacissimam
731 2893 1020 2987 uberrimamque
1053 2912 1215 2980 omniun

123 3017 157 3086 in
179 3017 280 3087 terris
301 3037 381 3087 esse
401 3016 558 3107 gratiam,
576 3037 682 3109 quam
704 3015 792 3089 benc
818 3017 981 3089 conscius
1013 3026 1174 3104 animus
1189 3035 1219 3102 in

124 3139 261 3213 silentio
284 3141 385 3210 refert
402 3136 478 3209 sibi.
501 3139 588 3210 Vive
605 3149 641 3210 et
653 3142 743 3211 vale.

267 3284 427 3355 Mediolani,
445 3284 496 3339 llll
512 3283 648 3341 Kalendas
663 3282 755 3339 Maias.
