2670 4688
517 512 694 578 urrsmm
715 515 809 578 xurr.
871 470 877 482 ¹
948 516 965 530 ‘

144 686 340 736 sulncrsou's
362 685 532 735 PETRARCA
553 686 731 736 FRANGISGO
752 686 860 737 euroni
881 686 925 735 SS.
949 686 1185 738 trossebouuu

600 784 626 833 S.
650 785 677 832 P.
699 786 730 833 ll.

366 919 521 975 Blateronis
532 908 688 1005 importuni
703 917 791 973 lucela
806 917 964 991 descriptio.

223 1156 383 1229 Onerabu
404 1168 438 1229 te
459 1156 600 1243 litteris,
622 1157 768 1231 obruam
791 1167 825 1228 te
841 1178 987 1253 papyro,
1007 1177 1076 1227 non
1092 1156 1202 1226 sinam

127 1289 159 1351 te
180 1280 274 1352 aliud
295 1282 410 1372 legere
430 1304 535 1375 quam
557 1303 670 1373 nugas
697 1302 811 1366 meas,
838 1282 972 1351 nullum
1007 1279 1202 1371 respirandi

125 1402 276 1496 spatium
308 1401 409 1474 dabo.
445 1404 684 1476 Comminatus
710 1405 788 1475 sive
813 1402 985 1496 pollicitus
1015 1421 1110 1472 eram
1143 1397 1202 1470 libi

127 1525 306 1598 breviores
325 1506 490 1619 deinceps
511 1526 679 1619 epistolas
703 1547 801 1597 meus
822 1529 909 1608 lore,
936 1523 1031 1618 quod
1055 1543 1204 1615 occupa-

72 1680 74 1685 ·
125 1649 206 1721 tioni
227 1661 359 1720 nostrae
379 1647 534 1721 debitum
568 1657 657 1730 erat,
693 1670 737 1719 ne
765 1647 878 1719 dicam
904 1645 1045 1718 lastidio
1064 1666 1201 1728 eorum,

122 1769 251 1861 quibus
272 1771 387 1841 omnia
409 1779 491 1842 sunt
512 1771 663 1865 prolixa,
691 1770 757 1843 nisi
784 1791 865 1864 quae
892 1766 1000 1840 hebes
1025 1781 1130 1860 alque
1150 1767 1204 1837 in-

125 1894 242 1963 solens
274 1893 483 1985 eloquentiae
517 1914 592 1965 suae
625 1895 762 1988 forceps
783 1890 981 1963 absciderit.
1017 1891 1129 1971 Nunc,
1167 1896 1203 1960 ut

124 2013 239 2099 video,
263 2012 492 2106 multiplicant
505 2028 542 2087 et
558 2023 742 2086 crescunt:
765 2012 811 2082 nil
833 2010 985 2083 amicitia
1000 2008 1179 2102 loquacius
1195 2035 1202 2078 :

125 2132 315 2206 amicorum
336 2135 508 2228 colloquio
525 2136 618 2207 nulla
638 2134 730 2207 enim
752 2132 872 2205 brevis
893 2154 980 2216 nox,
1000 2132 1120 2202 nullus
1134 2151 1203 2202 non

123 2267 295 2345 augustus
314 2257 390 2327 dies
410 2258 489 2341 luit3
508 2257 672 2350 cupidum
690 2257 774 2329 dum
792 2255 996 2329 convenerit
1012 2254 1201 2326 amicorum

125 2400 203 2470 par,
225 2377 414 2472 improvise
428 2378 566 2470 lugiunt
579 2379 691 2461 borae3
712 2401 782 2449 uon
805 2376 1027 2470 loquentibus
1048 2384 1201 2470 tempus,

125 2518 193 2569 nou
213 2497 473 2569 ambulantibus
493 2520 574 2570 rura
595 2499 793 2579 sufficiunt;
814 2520 884 2570 non
904 2499 986 2588 gelu
1005 2520 1075 2568 non
1094 2507 1203 2568 aestus

126 2642 193 2692 non
213 2621 325 2692 tames
347 2641 414 2691 uon
438 2620 606 2692 lassitudo
628 2621 797 2692 sentitur:

489 2811 596 2877 Omnia
614 2813 709 2876 vincit
725 2827 823 2877 amor.

126 2985 200 3055 Duo
218 2997 299 3057 suut
316 2983 405 3055 bene
424 2983 572 3057 instituti
584 2985 689 3055 animi
705 2985 825 3056 solatia
841 3012 847 3056 :
866 2985 1057 3056 litterarum
1077 2984 1199 3067 otium,

127 3115 163 3176 et
183 3104 293 3177 fidelis
315 3107 476 3179 amicitia.
497 3107 573 3178 Duo
594 3107 718 3179 taedia:
739 3107 918 3202 occupatio
930 3116 966 3179 et
984 3106 1106 3190 turba3
1126 3107 1203 3178 ulti-

126 3251 222 3299 mum
244 3229 277 3298 in
301 3206 465 3314 urbi'buS,
485 3228 633 3321 primum
653 3230 737 3300 illud
758 3232 886 3323 optime
908 3232 941 3300 iu
965 3229 1148 3302 solitudine
1167 3239 1204 3301 et

127 3353 161 3423 in
183 3351 346 3423 Helicone
368 3363 487 3424 nostro
510 3375 649 3446 semper
668 3355 853 3445 experior;
881 3353 958 3426 sive
978 3374 1080 3426 manc
1107 3355 1202 3424 solus

127 3475 160 3547 in
183 3475 291 3545 silvas
312 3475 425 3558 ierim,
449 3477 526 3548 sive
546 3475 658 3549 dulcis
679 3475 906 3547 intervenerit
922 3476 1065 3560 amicae,
1086 3477 1201 3546 nullus

126 3609 181 3670 est
214 3597 306 3681 linis,
342 3619 410 3670 non
445 3597 541 3691 prius
574 3597 671 3672 obire
704 3602 812 3673 solem
837 3621 943 3694 quam
969 3596 1099 3672 abiisse
1123 3619 1202 3692 per-

126 3721 258 3814 pendo:
281 3719 334 3791 siu
355 3722 554 3814 vespertina
573 3721 778 3812 congressio
797 3732 862 3805 est,
885 3741 952 3793 non
969 3743 1073 3794 axem
1095 3719 1197 3803 llecti,

124 3865 193 3915 uon
223 3847 340 3916 stellas
365 3843 433 3916 labi
455 3843 582 3929 sentio,
605 3843 756 3936 denique
781 3865 849 3916 non
876 3847 994 3936 lugam
1020 3846 1129 3917 noctis
1148 3845 1200 3915 in-

125 3968 250 4059 telligo,
272 3970 339 4042 nisi
353 3971 437 4041 solis
459 3969 624 4047 aduentu.
639 3967 714 4058 Ego
730 3968 870 4060 quidem
889 3968 1100 4063 perlibenter
1120 3989 1198 4039 sum

125 4101 262 4160 tecam:
295 4116 362 4165 non
391 4116 543 4188 unquam
571 4091 779 4188 praesentior
798 4115 837 4166 es
869 4095 952 4166 mibi
977 4116 1080 4187 quam
1114 4093 1197 4165 dum
