2670 4688
555 340 708 391 arrsrona
730 340 792 389 mu.
1146 326 1207 389 453

131 482 282 574 cepistis.
310 478 397 551 litud
419 480 619 552 nominatim
642 479 803 574 precibus
831 478 906 551 istis
932 478 1142 566 addiderim,
1169 492 1209 552 ut

131 604 309 674 dominnm
330 600 458 673 Lucam
478 611 710 694 cognomento
726 600 975 686 Christianum,
996 600 1110 673 virum
1128 621 1209 672 san·

131 725 236 815 guine
269 744 310 794 ac
337 721 526 795 virtutibus
556 725 701 808 clarum,
729 722 790 815 qni
816 722 930 795 eidem
951 718 1131 795 Mainardo
1155 723 1207 792 in-

131 846 256 914 faustae
276 843 345 913 viae
365 864 484 915 comes
503 843 631 927 suerat,
654 853 690 915 et
709 843 754 916 de
773 866 843 938 qun
864 843 970 916 dubie
990 844 1081 914 mma
1097 842 1209 937 loqui-

133 976 200 1048 tur,
228 985 291 1057 pro
316 963 447 1036 honore
466 972 586 1035 vestro
611 963 761 1036 iubeatis
782 963 924 1056 inquiri,
947 986 991 1036 an
1025 964 1208 1059 impiorum

130 1086 291 1157 manibus
311 1086 480 1170 evaserit,
507 1085 603 1180 quod
624 1084 765 1178 quidam
786 1096 943 1168 narrant,
967 1107 1010 1156 an
1032 1085 1133 1179 parili
1158 1088 1209 1157 fe-

131 1208 232 1278 ritate
256 1217 484 1300 consumptus
511 1207 571 1291 sit,
598 1207 693 1298 quod
718 1207 834 1299 potius
862 1206 984 1289 timeo,
1017 1216 1054 1277 ot
1088 1205 1208 1278 timere

130 1348 200 1398 non
219 1326 376 1399 desinam
398 1328 509 1400 donee
529 1327 623 1400 aliud
643 1327 789 1399 scivero.
809 1326 944 1399 Parcite
960 1337 1075 1400 autem
1093 1326 1208 1403 mutti-

131 1449 256 1542 ioquio.
275 1450 366 1520 Tulit
381 1470 436 1520 me
454 1449 592 1541 tongins
609 1452 698 1522 torte
714 1471 819 1541 quam
838 1446 956 1521 decuit
978 1449 1059 1520 hinc
1082 1448 1210 1520 huma·

128 1572 244 1642 nitatis
271 1582 400 1642 vestrae
424 1568 564 1655 fiducia,
598 1573 691 1643 illino
726 1570 857 1643 doloris
890 1571 959 1642 mei
993 1571 1143 1664 impetus
1173 1582 1211 1644 et

129 1693 317 1765 amicornm
342 1696 464 1785 pietas,
484 1692 673 1788 dequibus
694 1704 775 1765 ante
795 1692 900 1766 modo
921 1691 992 1787 (sic)
1012 1694 1151 1787 scripsi,
1170 1703 1210 1765 nt

128 1836 190 1884 eos
211 1837 272 1907 per
291 1813 366 1886 dies
388 1816 544 1907 singulos
569 1814 809 1911 praestolabar.
832 1815 883 1886 lta
908 1813 1002 1885 enim
1027 1812 1210 1886 concordi·

130 1947 181 2006 ter
205 1935 250 2007 de
280 1935 450 2008 drinione
470 1936 708 2009 discesserant
729 1948 767 2008 nt
792 1958 847 2008 me
872 1935 996 2021 visuri,
1022 1936 1210 2009 nuitaaiia

127 2076 238 2127 causa
259 2056 443 2140 suadente,
465 2079 529 2150 per
550 2057 617 2129 hoc
636 2056 861 2148 iter'longius
880 2054 1055 2141 venirent,
1077 2066 1208 2128 etcum

127 2179 263 2250 Parmae
288 2199 357 2249 non
387 2178 618 2264 invenissent,
640 2178 676 2250 in
696 2176 802 2250 domo
822 2199 900 2250 mea
923 2198 986 2270 per
1011 2186 1148 2250 noctem
1173 2190 1209 2250 ot

125 2299 217 2371 diem
237 2321 307 2371 non
328 2299 503 2389 integrum
525 2299 658 2384 morati,
679 2298 919 2371 discesserunt
940 2299 1066 2384 mmsti,
1085 2298 1208 2370 litteris

126 2420 172 2491 ibi
193 2419 357 2502 dimissis,
379 2440 527 2511 quarum
561 2439 697 2490 summa
717 2430 795 2491 erat
814 2440 853 2490 se
874 2420 944 2491 huc
962 2419 1008 2492 ad
1028 2441 1085 2491 me
1104 2441 1125 2491 c
1144 2440 1208 2491 ve·

127 2541 231 2631 stigio
251 2559 468 2610 reversuros.
494 2538 651 2631 Cumque
676 2561 743 2632 ego
772 2539 912 2611 rediens
933 2550 969 2610 et
989 2540 1107 2611 multis
1132 2539 1209 2612 die·

125 2659 194 2732 bus
217 2667 410 2752 expectans
436 2661 627 2752 longiorem
663 2659 837 2754 promisso
863 2679 1000 2748 morum,
1018 2659 1208 2755 inciperem

125 2781 305 2867 admirari,
341 2783 508 2853 famulum
535 2805 641 2855 unum
674 2803 754 2853 enm
788 2781 912 2853 litteris
942 2779 1020 2853 misi
1050 2781 1111 2875 qui
1144 2802 1206 2854 eos

126 2904 299 2977 tarditatis
320 2915 494 2997 argueret,
517 2926 706 2999 perquem
727 2903 834 2977 didici
855 2905 921 2989 hoc
951 2922 1013 2976 eos
1050 2902 1207 2976 caritatis

123 3038 158 3099 et
178 3027 339 3100 amicitiae
360 3029 509 3120 pretinm
530 3027 741 3122 percepisse.
763 3025 998 3112 Quamobrem
1030 3025 1061 3099 si
1087 3027 1209 3120 loqua-

125 3148 252 3219 ciorem
272 3149 352 3220 iecit
367 3148 479 3233 dolor,
500 3147 681 3240 ignoscite.
704 3148 800 3221 Licet
818 3149 910 3220 enim
929 3168 1048 3220 rernm
1066 3148 1208 3220 nescius

124 3277 160 3338 et
178 3266 306 3341 absens
328 3281 411 3341 tunc
432 3270 571 3355 fuerim,
592 3271 676 3363 qnia
696 3280 812 3343 tamen
833 3269 902 3341 mei
923 3270 1019 3371 seius
1039 3291 1137 3342 amor
1152 3272 1208 3343 vi·

124 3388 298 3482 dandique
318 3390 531 3463 desiderium
552 3411 614 3464 eos
635 3393 705 3465 huo
726 3401 901 3476 traxerat,
936 3378 1032 3497 solps
1057 3410 1140 3487 ego,
1169 3403 1208 3464 ut

124 3509 209 3580 mihi
241 3511 384 3598 videor,
412 3511 518 3585 totius
543 3513 721 3587 infortunii
753 3534 861 3586 cansa
886 3513 946 3585 sni.
976 3510 1206 3609 Omnipotens

123 3635 217 3705 Deus
237 3655 301 3704 vos
324 3635 428 3706 tantis
451 3631 571 3706 mundi
601 3636 701 3708 malis
733 3621 925 3708 incolumes
956 3646 1144 3708 conservet
1169 3638 1204 3707 in

124 3764 216 3825 statu
237 3752 444 3826 felicissimo.
466 3756 611 3841 Parmae,
633 3757 674 3827 11.
693 3757 1205 3850 tunitconcussonnimogra-

124 3877 283 3970 vitorque
303 3886 498 3970 prostrato:
520 3877 735 3951 festinanter.
