2670 4688
263 327 354 374 tinen
378 326 541 375 thltSlllltS
562 327 948 377 securibus-ormnem
970 329 1032 376 xiv.
1127 316 1183 376 llo

102 475 146 544 ad
171 475 335 543 Senatum
364 471 409 542 ab
433 469 626 540 Hannibale
648 469 743 539 missi
771 481 888 552 erant,
918 491 982 562 pro
1008 472 1184 544 redimen-

101 598 250 668 disseu
283 593 522 690 permutandis
556 593 717 686 captivis
755 591 928 684 iuretique
962 613 1018 678 so,
1050 594 1117 664 nisi
1148 593 1182 664 id

103 722 348 814 impetrassent
369 737 587 797 reversuros
610 738 689 786 cum
710 716 767 784 vel
789 736 881 784 unus
901 736 1023 785 corum
1048 719 1117 801 vel,
1144 729 1183 789 ut

101 845 156 913 alii
182 846 320 925 volunt,
343 863 484 924 omncS,
521 840 670 932 peractis
703 838 877 910 mandatis
912 839 946 907 in
981 838 1068 910 urbe
1089 843 1181 913 taciti

101 967 367 1047 remansissent,
390 986 410 1034 a
437 964 564 1033 Senatu
592 962 636 1033 ad
663 960 889 1032 Hannibalem
917 971 999 1032 sunt
1024 965 1180 1046 remissi;

103 1100 207 1178 utque
236 1088 357 1156 horum
388 1107 429 1156 ac
463 1085 627 1154 similium
661 1086 757 1153 fraus
792 1084 867 1154 iure
900 1084 1178 1176 reprehenditur,

100 1204 152 1271 sic
183 1202 292 1274 Attilii
324 1203 446 1293 Reguli
481 1210 637 1295 spectata
675 1222 789 1291 usque
822 1199 866 1269 ad
900 1198 1180 1274 crudelissimam

99 1335 245 1394 morl-em
269 1324 369 1405 fides
392 1323 583 1395 cumomni
606 1322 770 1414 temporis
790 1321 1005 1414 perennitate
1023 1325 1181 1396 laudabi-

101 1458 165 1518 tur.
187 1450 272 1520 Nam
295 1460 332 1518 ut
359 1449 492 1519 hostem
516 1447 622 1518 armis
644 1448 786 1517 vincere
812 1449 1034 1538 praeclarum,
1055 1469 1181 1540 quam-

98 1594 202 1663 quam
217 1573 343 1664 pietate
358 1571 574 1664 praeclarius,
589 1571 639 1640 sic
656 1571 786 1650 fallere,
802 1569 871 1640 nisi
886 1567 1018 1641 bellicis
1033 1571 1178 1649 artibus,

99 1669 198 1786 turpe
217 1707 282 1765 est.
307 1697 447 1764 Possem
471 1706 564 1763 nunc
582 1703 782 1763 exterarum
810 1693 988 1768 nationum
1016 1678 1179 1786 exempla

98 1818 301 1901 subtexere,
335 1817 396 1887 sed
425 1837 537 1908 neque
562 1832 629 1906 ego
662 1815 756 1885 huno
777 1838 973 1886 sermonem
996 1818 1179 1905 ingressus

96 1940 238 2010 alterius
256 1962 360 2031 quam
380 1940 545 2008 Romanae
566 1939 697 2009 militiae
720 1938 927 2008 mentionem
955 1938 1037 2022 leci,
1066 1961 1179 2030 noque

98 2064 165 2132 ulla
184 2083 287 2153 gens,
310 2061 402 2152 quod
423 2083 505 2153 pace
527 2060 681 2132 omnium
703 2059 866 2142 dixerim,
896 2061 961 2131 hoc
987 2061 1021 2131 in
1048 2082 1179 2151 genere

95 2185 216 2270 glorim
231 2207 291 2276 par
304 2186 463 2256 occurrit.
476 2184 520 2254 lis
535 2185 568 2254 in
583 2183 707 2255 castris
725 2184 898 2254 enutritus
914 2186 1012 2254 miles
1024 2193 1127 2277 atque
1136 2185 1178 2255 iis

95 2306 250 2397 imperiis
277 2308 495 2376 assuefactus
520 2307 715 2386 exercitus
738 2303 821 2396 quid
837 2327 985 2396 usquam
1001 2314 1069 2376 tam
1088 2306 1178 2378 diffi-

96 2429 160 2498 cile
183 2429 310 2518 reperit
331 2426 425 2516 quod
443 2448 511 2495 non
530 2436 727 2518 superaret,
747 2426 832 2517 quid
855 2438 921 2496 tam
936 2427 1064 2498 durum
1081 2429 1177 2520 quod

99 2569 167 2615 non
202 2551 392 2635 frangeret,
428 2546 513 2637 quid
536 2556 605 2614 tam
639 2548 744 2616 altum
778 2568 849 2637 quo
874 2569 943 2616 non
967 2549 1178 2620 scanderet?

92 2669 215 2738 Omnia
232 2667 388 2759 expertis
410 2666 491 2736 novi
507 2666 604 2749 nihil,
620 2666 776 2759 nihilque
802 2668 1016 2739 formidolosi
1042 2670 1175 2744 accidit.

92 2790 317 2885 Experientia
339 2802 451 2861 mater
472 2801 527 2861 est
548 2791 691 2874 artium,
714 2802 747 2861 et
767 2790 985 2861 consuetodo
1002 2791 1175 2864 discrimi-

91 2939 174 2986 num
199 2926 329 2985 metum
358 2914 493 3007 premit.
523 2914 621 2985 Nulla
647 2935 694 2985 ex
720 2913 762 2984 iis
788 2914 874 2984 viris
906 2916 1050 2988 collecta
1081 2917 1175 2988 acies

91 3062 198 3131 parva
219 3049 305 3109 erat.
327 3040 413 3109 Nam
434 3040 530 3132 quod
553 3060 700 3110 numero
720 3038 900 3120 doluisset,
920 3048 956 3110 et
976 3039 1174 3112 obedientia

91 3160 236 3231 militum
262 3172 297 3232 et
322 3163 488 3233 maiestas
513 3164 643 3234 ducum
669 3174 704 3233 et
732 3172 960 3254 utrorumque
986 3165 1042 3233 vis
1068 3163 1174 3233 animi

89 3284 364 3375 exercitatioque
394 3297 429 3354 et
466 3285 538 3354 vila
565 3285 679 3355 carior
711 3307 919 3377 semperque
949 3307 1013 3355 ceu
1044 3307 1173 3356 numen

88 3406 229 3498 aliquod
255 3408 353 3476 ,culta
378 3407 569 3479 castrensis
595 3407 775 3500 disciplina
804 3410 1036 3501 suppleverat.
1065 3407 1173 3478 Tubae

89 3532 239 3621 signum,
257 3550 316 3599 seu
333 3529 365 3598 in
383 3531 538 3620 praelium
551 3531 740 3621 excitantis
758 3551 821 3600 seu
835 3530 989 3622 receptui
1002 3529 1170 3613 canentis

89 3665 127 3723 nt
147 3675 250 3723 nemo
278 3662 347 3721 tam
375 3651 505 3721 surdus
531 3651 589 3743 qui
617 3675 685 3722 non
712 3652 861 3733 audiret,
893 3652 942 3722 sic
969 3673 1073 3722 nemo
1101 3660 1170 3720 tam

89 3777 198 3847 hebes
219 3777 276 3866 qui
299 3797 365 3846 non
389 3773 609 3862 intelligeret,
633 3796 738 3845 nemo
761 3785 830 3844 tam
853 3773 973 3863 segnis
993 3795 1053 3843 seu
1084 3773 1171 3844 timi-

87 3898 174 3979 dus,
189 3899 247 3991 qui
266 3920 333 3968 non
352 3897 442 3968 dicto
460 3896 563 3967 cilius
581 3909 827 3990 exequeretur.
847 3897 956 3967 Simul
977 3899 1012 3966 in
1033 3896 1168 3968 hostem

88 4021 255 4106 ruebant,
282 4023 385 4092 simul
417 4018 669 4102 subsistebant,
707 4018 810 4089 simul
845 4018 1028 4103 feriebant,
1065 4020 1168 4090 simul

86 4144 160 4212 acie
175 4144 392 4215 euccdchant
411 4170 417 4212 :
436 4144 560 4232 ingens
580 4142 685 4214 unitae
703 4140 843 4213 virtutis
864 4141 1019 4214 efficacia
1040 4154 1109 4226 est,
1133 4153 1168 4212 et
