2834 5086
557 293 707 340 aristeus
731 294 834 339 uuxu.
1175 280 1232 338 ‘ouh

167 440 238 511 tuti.
261 439 328 510 Sed
350 452 416 510 tam
435 439 502 508 alta
524 446 680 528 spectare
701 434 862 528 prohihet
884 435 1003 505 durior
1028 458 1118 506 nunc
1140 435 1232 506 ltalis

165 565 314 648 fortuna,
338 561 429 632 haud
450 557 610 652 equidem
632 580 776 651 prorsus
796 557 986 640 immerit03
1010 558 1230 650 nequeenim

164 684 328 756 iniustum
349 695 404 755 cst
426 692 462 754 ut
481 704 523 754 eo
542 680 602 752 diu
623 691 772 764 careant,
799 702 869 773 quo
890 702 928 752 se
950 683 1039 751 ultro
1058 703 1120 774 per
1139 680 1233 751 inso-

165 810 303 879 lentiam
340 818 448 898 atque.
482 805 727 898 impatientiam
773 805 973 896 spoliarunt.
1016 803 1232 895 Quamquam

165 933 247 1024 quid
269 953 333 1001 nos
354 929 481 1014 meriti,
504 915 591 1021 quos
609 928 762 998 nondum
781 927 925 998 advitae
945 927 1047 997 limen
1066 947 1143 997 sors
1159 926 1234 997 vio-

166 1059 256 1127 lenta
286 1056 502 1150 proiecerat?
535 1052 604 1124 Sed
634 1075 747 1146 neque
773 1052 809 1124 id
835 1075 964 1124 novum
990 1060 1059 1134 est,
1082 1064 1234 1144 paternae

165 1181 274 1274 culpae
301 1177 502 1273 supplicium
530 1177 701 1249 insontem
730 1178 819 1248 ferre
844 1176 1056 1268 progeniem.
1082 1172 1235 1243 Comedc-

164 1313 243 1371 rrmt
272 1304 403 1372 acerbos
435 1325 516 1371 uras
543 1313 653 1394 potres
680 1303 786 1370 nostri
810 1311 841 1372 et
865 1321 936 1369 ecce
958 1301 1101 1391 filiorum
1125 1295 1234 1368 dentes

166 1426 398 1519 obstupescant.
419 1425 462 1494 Et
482 1425 625 1495 iterum:
647 1427 761 1496 Patres
775 1424 879 1492 nostri
887 1432 1105 1516 peccauerunt
1119 1433 1149 1490 et
1167 1445 1234 1491 noc

164 1558 257 1631 aunt,
284 1559 314 1617 et
337 1569 396 1617 nos
416 1548 603 1638 iniquitates
621 1569 732 1616 eorum
749 1547 963 1639 portavimus.
986 1545 1105 1638 ltaque
1134 1544 1235 1616 Tibe-

166 1671 259 1743 rinos
279 1671 429 1743 honores
453 1681 577 1744 cuncta
596 1671 725 1750 rodens
746 1668 937 1743 Rhodanus
958 1680 1069 1741 vorat.
1091 1671 1134 1743 Et
1153 1689 1233 1762 quae

52 1820 56 1830 ¹
166 1796 375 1886 spectacula,
397 1792 487 1865 hone
511 1794 610 1866 lesu!
639 1795 706 1867 Sed
736 1817 780 1865 ne
810 1794 1136 1885 congratulatoriam
1162 1792 1236 1884 epi-

166 1918 289 1986 stolam
310 1915 461 2009 querelis
481 1917 653 2010 impleam,
675 1917 720 1989 ad
741 1928 775 1987 te
795 1928 962 1988 revertor.
981 1915 1142 1986 Gratulor
1159 1914 1235 2006 qui-

165 2035 243 2108 dem
267 2036 342 2123 tihi,
364 2049 399 2110 et
420 2061 521 2132 spero
550 2040 728 2132 dignitatis
757 2050 826 2112 tuae
859 2039 1006 2132 gradum
1039 2039 1132 2108 hunc
1155 2058 1236 2108 esse

166 2181 233 2232 non
260 2162 454 2233 terminum.
477 2160 646 2234 Caeterum
665 2187 886 2258 quocumque
911 2163 1034 2259 pedem
1062 2161 1233 2242 moveris,

165 2283 279 2356 animo
296 2306 501 2377 consequar,
517 2296 552 2356 et
570 2285 777 2379 ubicumque
790 2288 907 2372 fueris,
923 2297 1035 2358 tecum
1049 2306 1120 2358 erc.
1135 2284 1235 2368 Quod

167 2403 196 2474 si
218 2405 433 2495 imaginariae
457 2406 652 2497 praesentiae
684 2408 799 2477 forsan
833 2428 918 2478 vera
952 2409 1175 2492 successerit,
1203 2418 1236 2478 te

166 2535 264 2615 pater
289 2523 435 2616 optime,
462 2525 719 2620 Barbatumque
741 2551 856 2600 meum
886 2531 1013 2600 eximie
1034 2531 1233 2620 gavisuros,

168 2644 360 2717 tacentibus
382 2647 462 2718 licet
481 2646 593 2732 vobis,
615 2661 707 2721 certe
730 2652 823 2720 scio:
850 2675 918 2723 non
944 2673 1032 2745 opus
1058 2663 1132 2724 erat
1157 2650 1237 2722 huic

169 2769 218 2838 rei
239 2769 438 2842 asserendae
461 2773 606 2842 multum
626 2782 765 2867 tempus
785 2772 994 2869 impendere.
1014 2773 1159 2845 Animos
1176 2796 1240 2846 ve·

168 2903 260 2964 stros
285 2893 376 2964 novi.
405 2895 533 2966 Verum
559 2893 593 2965 id
618 2894 682 2967 hac
709 2907 926 2990 tempestate,
960 2920 1083 2969 verum
1113 2901 1234 2983 fatear,

168 3018 411 3112 occupationes
425 3041 519 3090 meas
532 3019 828 3112 circumspiciens
842 3043 909 3092 non
930 3033 997 3093 tam
1018 3043 1119 3117 sporo
1132 3044 1236 3114 quam

168 3141 279 3234 cupio.
301 3141 353 3210 Oh
374 3144 403 3213 si
423 3144 582 3235 quotiens
607 3144 733 3213 vellem
755 3165 894 3235 possem
926 3158 963 3216 ut
996 3145 1160 3229 animum,
1187 3142 1238 3213 sic

168 3283 295 3355 corpus
317 3264 434 3334 hocin
456 3265 643 3357 longinqua
669 3266 913 3348 transmittere,
936 3289 1040 3360 quam
1062 3288 1157 3358 saepe
1182 3289 1237 3338 me

169 3387 339 3480 hospitem
368 3369 561 3458 haberetis!
599 3387 783 3458 Sedenim
813 3387 847 3460 id
879 3411 946 3460 non
979 3393 1237 3462 antelaturum

169 3512 358 3595 credimuS,
386 3533 489 3602 quam
515 3509 736 3603 corruptibile
766 3524 801 3583 et
833 3515 978 3587 mortale
1010 3512 1105 3586 istud
1137 3525 1237 3586 natu·

171 3660 243 3708 ram
263 3633 414 3707 induerit
433 3633 670 3704 immortalem.
689 3633 785 3706 Vale.

314 3806 367 3861 llll
382 3823 468 3862 nonas
482 3807 616 3866 Octobris.
