2670 4688
355 271 446 318 nrunn
469 265 859 317 vrcusruus-urrsronn
881 267 945 314 riu.
1166 253 1200 314 31

126 405 243 498 paucis
265 404 462 476 nominibus
481 404 602 485 claris,
628 413 696 473 tam
723 405 843 495 procul
867 410 1051 492 tenusque
1072 422 1134 492 per
1155 412 1202 472 te

125 526 250 600 nebras
281 527 399 597 stilum
425 529 531 597 lerre:
560 524 708 615 ideoque
742 526 797 595 vel
832 526 986 596 materiae
1012 527 1068 595 vel
1097 523 1205 595 labori

126 672 283 743 parcens,
299 652 401 739 longe
415 660 495 718 ante
512 648 577 718 hoo
596 649 762 717 saeculum
774 646 931 717 historiae
945 647 1085 718 limitem
1101 647 1205 718 statui

124 795 165 843 ac
192 770 312 843 delixi.
333 769 482 840 Proinde
502 770 594 861 quia,
619 780 656 838 ut
676 767 761 850 dixi,
783 766 955 838 obiectum
978 768 1060 837 mihi
1081 767 1144 839 abs
1172 779 1205 838 te

17 891 18 895 ’
124 895 255 966 crimen
283 893 365 963 illud
393 891 568 982 geminum
595 891 704 961 vestis
726 911 766 960 ac
790 890 939 959 nominis
966 892 1109 960 omnino
1136 913 1204 961 non

124 1018 239 1109 capio,
268 1026 307 1086 ut
330 1013 386 1083 his
411 1011 552 1084 omissis
573 1013 619 1084 ad
639 1013 814 1082 intellecta
841 1011 1085 1103 respondeam,
1108 1014 1141 1081 in
1163 1033 1206 1082 eo

124 1138 219 1231 quod
239 1137 283 1209 de
303 1139 516 1207 fortunarum
538 1155 694 1206 mearum
716 1134 945 1228 prosperitate
965 1132 1102 1217 dixisti,
1125 1134 1206 1206 vide

124 1260 244 1329 nevel
270 1268 302 1328 te
326 1257 451 1349 aliquis
483 1256 537 1326 vel
572 1263 609 1324 tu
641 1275 697 1324 me
730 1254 869 1324 luseris.
897 1251 1045 1323 lnlioiari
1071 1275 1207 1345 nequeo
1268 1298 1273 1309 ·

125 1379 209 1449 mibi
235 1379 353 1451 nescio
386 1377 471 1471 quid
504 1378 609 1448 annui
634 1398 762 1448 census
789 1375 997 1458 accrevisse,
1025 1375 1207 1468 otiosoque

125 1526 168 1574 ac
189 1502 322 1574 sedenti
344 1503 517 1593 ingestum
541 1500 637 1593 quod
659 1501 775 1570 multis
793 1499 970 1590 occupatis
992 1497 1207 1590 solicitisque

124 1635 288 1717 negatum
309 1635 374 1695 est.
396 1621 571 1704 Quantum
604 1644 690 1692 vero
723 1622 827 1692 simul
853 1620 935 1691 anni
962 1633 1122 1714 sumplus
1149 1642 1207 1691 ac-

125 1747 291 1830 creverit,
321 1746 357 1817 id
385 1766 510 1837 nempe
536 1744 810 1819 nonaestimant
834 1745 895 1836 qui
920 1742 1071 1835 obliquis
1096 1741 1206 1813 oculis

126 1890 230 1940 omne
266 1867 368 1939 alieni
404 1866 597 1958 patrimonii
633 1867 816 1937 metientes
849 1852 1091 1956 augmentum,
1124 1885 1206 1955 quae

126 2013 266 2085 semper
289 1990 341 2061 eis
359 1991 488 2081 exigua
509 1988 675 2061 videntur
697 1989 904 2060 detrimenta
925 2008 994 2058 non
1011 1998 1205 2059 numerant.

124 2114 194 2185 lllis
219 2135 285 2204 ego
310 2113 357 2183 nil
381 2113 543 2204 amplius,
570 2132 661 2204 quos
688 2112 773 2184 satis
806 2133 872 2182 sua
906 2121 1043 2203 torquet
1063 2108 1204 2180 invidia.

125 2236 200 2307 Tibi
222 2246 358 2322 autom,
381 2235 437 2306 cui
457 2235 541 2305 vitae
562 2256 652 2305 meae
674 2234 843 2304 rationem
871 2233 1043 2305 redditam
1064 2256 1105 2304 ac
1127 2252 1206 2324 pro·

124 2356 239 2433 batam
274 2359 392 2438 velim,
428 2358 494 2426 hoc
528 2369 696 2449 praeterea
728 2356 887 2427 dixerim.
922 2357 1120 2426 Plusculum
1152 2365 1208 2424 est

125 2485 316 2566 proventus
334 2482 370 2542 et
387 2475 582 2563 plusculum
604 2486 659 2545 est
679 2477 860 2566 impensae.
880 2476 953 2545 Sub
969 2476 1052 2547 anni
1071 2477 1204 2545 exitum

127 2592 287 2675 attritior,
303 2591 555 2683 rubiginosior,
576 2595 687 2663 laxior
704 2605 759 2663 est
777 2616 956 2678 crumena,
976 2614 1044 2664 non
1063 2596 1205 2687 plenior.

127 2716 259 2806 ltaque,
276 2717 451 2787 tantulam
472 2725 627 2809 tempore
640 2715 729 2786 inter
742 2715 883 2787 divitias
904 2729 1040 2799 exacto,
1060 2719 1151 2788 nulla
1169 2738 1207 2787 re

125 2837 242 2920 ditior,
271 2838 338 2907 nisi
363 2836 493 2930 aliquot
514 2857 683 2907 annorum
705 2840 921 2923 accessione,
949 2851 984 2911 et
1008 2848 1207 2932 contemptu

126 2959 285 3030 liberiore
316 2981 433 3030 rerum
459 2957 677 3050 pereuntium
713 2961 825 3029 lactus
856 2981 944 3030 sum.
979 2962 1041 3032 Hae
1073 2960 1206 3033 divitiae

127 3103 214 3152 meae
247 3093 342 3164 sunt,
377 3104 446 3153 non
479 3104 568 3174 quas
603 3080 733 3153 invidia
763 3083 944 3174 praedicat,
968 3083 1032 3154 sed
1059 3084 1207 3153 maiores

126 3205 235 3272 multo
246 3213 282 3274 et
294 3225 371 3273 meo
388 3203 546 3295 quidem,
562 3226 639 3275 reor
654 3203 772 3276 itidem
792 3215 850 3276 tuo
868 3206 1009 3288 iudicio,
1029 3203 1206 3273 certiores.

126 3322 246 3416 Neque
269 3334 380 3393 amon
403 3325 469 3394 ista
491 3327 541 3394 sic
562 3325 728 3417 accipies,
752 3327 853 3418 quasi
880 3348 934 3395 me
960 3328 1108 3396 lortunae
1135 3343 1207 3413 poe-

95 3423 98 3428 ·
126 3446 246 3526 niteat,
262 3451 322 3512 aut
340 3444 436 3533 vulgi
454 3466 548 3514 moro
565 3458 685 3517 contra
704 3446 794 3516 illam
813 3445 1040 3537 querimoniis
1058 3443 1209 3532 attingar

127 3563 305 3646 inanibus;
331 3564 425 3655 quod
450 3576 485 3634 et
511 3566 602 3636 illam
630 3571 737 3658 vulgo
763 3569 896 3660 aliquid
930 3589 1095 3656 magnum
1124 3567 1206 3649 dici,

127 3710 212 3758 vere
233 3697 348 3757 autern
373 3686 455 3756 nihil
476 3709 555 3758 csse
578 3711 639 3782 per
658 3711 696 3763 se
715 3691 826 3784 ipsam
845 3691 983 3780 magnis
1005 3687 1206 3762 auctoribus

128 3810 232 3882 fidem
266 3809 382 3882 habui.
410 3813 455 3881 Et
479 3810 526 3881 illi
554 3814 612 3882 uni
639 3836 717 3885 mea
737 3816 851 3886 omnis
873 3811 1029 3883 innititur
1057 3815 1206 3894 fortuna,

128 3933 282 4003 cuicum
304 3934 488 4005 Psalmista
509 3933 590 4004 olim
613 3935 701 4006 dixi:
724 3935 811 4006 Deus
831 3958 921 4004 naeus
945 3957 977 4005 cs
1004 3947 1054 4019 tu,
1078 3938 1114 4004 in
1138 3957 1210 4004 mu-

129 4056 222 4124 nibus
250 4057 312 4124 tuis
337 4069 437 4124 scales
468 4080 557 4129 tarem.
597 4057 756 4140 Abunde,
798 4061 906 4146 large,
943 4056 1116 4140 rnnnifrce,
1144 4057 1208 4127 etsi
