2670 4688
284 275 377 325 nunna
398 274 905 325 vronsrnusramus.-ur1srotn
925 275 990 324 xiii.
1117 260 1176 322 toa

96 411 253 495 delicias,
275 431 344 482 non
365 421 435 482 tam
457 408 573 480 studio
593 410 743 492 virtutis,
763 409 864 481 cuius
877 408 1048 481 amantior
1068 409 1177 481 fuisse

96 558 273 631 cuperem,
294 558 399 629 quam
420 536 557 607 illarum
576 544 775 630 contemptu
793 546 899 630 atque
916 538 1005 621 odio,
1026 545 1062 608 et
1080 537 1177 630 quod

97 681 216 731 secum
237 661 353 730 ferunt
369 657 463 728 taedii
479 669 589 743 metu,
607 659 756 751 eiusque
772 681 877 752 quam
894 661 1027 731 felicem
1046 662 1177 751 vulgus

97 782 241 865 iudicat,
263 781 347 852 vite
372 780 511 852 fastidio
536 790 746 873 aspernatus
767 803 857 853 sum.
879 781 1036 853 Rebellat
1062 794 1178 853 tamen

96 908 234 978 animus
256 902 443 986 interdum,
483 902 721 997 rebellantque
754 905 862 975 oculi:
896 905 1049 976 animum
1082 903 1178 976 subit

97 1027 288 1108 aemulatio,
306 1026 426 1096 oculos
443 1024 629 1108 lassitudo,
644 1046 777 1120 eosque
794 1026 974 1119 inquibus
992 1027 1179 1120 aliquando

98 1150 182 1220 mihi
208 1147 321 1243 placui
345 1145 505 1232 demens,
533 1170 625 1220 nunc
650 1150 684 1220 iu
710 1153 853 1244 speculo
880 1170 974 1244 saepe
999 1150 1179 1222 nocturnis

98 1272 228 1363 vigiliis
249 1272 399 1353 attritos,
421 1271 641 1364 liventesque
671 1274 893 1367 conspiciens
926 1271 1046 1343 miror:
1073 1281 1109 1343 et
1134 1293 1178 1343 an

98 1396 154 1467 illc
174 1415 242 1486 ego
262 1393 327 1465 sim
350 1391 474 1464 tacitus
495 1413 632 1465 meeum
650 1415 784 1485 quaero.
804 1394 935 1466 Verum
948 1393 997 1464 ita
1009 1391 1180 1464 rebellant

98 1525 137 1588 ut
157 1516 258 1588 facile
283 1524 505 1608 superentur.
530 1517 581 1585 Dc
605 1515 767 1587 vestibus
791 1528 827 1586 et
850 1515 986 1607 reliquo
1009 1523 1179 1608 apparatu

96 1637 180 1709 olim
193 1659 241 1710 ex
257 1659 323 1721 me,
346 1637 430 1709 dum
457 1639 492 1706 in
506 1637 734 1731 Transalpino
754 1637 919 1710 Helicone
939 1658 1090 1730 agerem,
1113 1658 1178 1708 au-

97 1761 190 1834 disti.
224 1763 275 1833 Ne
309 1764 432 1834 falsam
465 1770 580 1833 tameu
612 1762 808 1856 opinionem
828 1763 943 1855 plenae
968 1759 1178 1852 frugalitatis

96 1882 267 1967 induaris,
288 1886 404 1976 cogita
428 1884 521 1954 ruris
547 1885 694 1956 incolam
726 1894 764 1954 et
795 1884 984 1954 rusticanae
999 1885 1180 1953 faventem

97 2004 320 2076 continentiae
351 2005 436 2077 dum
470 2004 507 2076 id
539 2004 730 2078 scriberem
764 2028 820 2078 me
853 2006 974 2076 fuisse.
1005 2003 1180 2074 Caeterum

97 2128 192 2221 quod
204 2126 304 2200 fateri
317 2137 467 2222 oportet,
488 2128 555 2200 etsi
577 2149 646 2200 nou
661 2127 707 2200 ad
727 2139 925 2200 extremum
946 2123 1095 2210 solidos,
1116 2124 1182 2197 du-

98 2272 157 2322 ros
180 2261 296 2323 amen
326 2271 367 2322 ac
396 2251 530 2343 rigidos
550 2251 698 2323 aflectus
730 2253 787 2322 vel
820 2252 986 2342 frangunt
1005 2250 1090 2332 loca,
1123 2249 1181 2319 vel

97 2374 264 2445 molliunt.
283 2370 525 2443 Alexandrum
543 2373 673 2455 Persis,
693 2371 921 2444 Hannibalem
935 2371 1039 2464 fregit
1051 2372 1179 2463 Capua,

99 2511 205 2582 quem
225 2492 336 2559 Roma
355 2510 426 2560 non
445 2495 612 2582 fregerat:
633 2492 774 2562 utillud
793 2490 839 2562 ab
864 2493 967 2563 hosta
985 2493 1063 2563 eius
1082 2512 1180 2563 acer-

100 2609 191 2680 rimo
209 2610 390 2700 eleganter
401 2630 443 2681 ac
456 2611 595 2703 proprie
613 2611 800 2683 diceretur:
824 2614 978 2704 Capuam
998 2611 1180 2682 Hannibali

101 2730 239 2804 Cannas
258 2731 381 2803 fuisse.
402 2731 526 2826 Neque
548 2735 659 2803 solum
681 2732 747 2803 viri
769 2732 872 2805 unius
891 2732 1004 2806 virtus
1022 2732 1088 2804 loci
1105 2752 1181 2804 mu-

100 2853 243 2937 tatione,
266 2854 331 2926 sed
350 2875 446 2949 saepe
471 2854 579 2926 totius
604 2854 720 2946 gentis
746 2854 854 2928 robur
878 2855 1044 2949 elanguit.
1066 2856 1181 2927 Mace-

99 2976 261 3049 donicum
283 2977 392 3050 robur
409 2977 604 3050 debilitavit
628 2977 796 3073 Babylon,
822 2979 987 3052 Gallicam
1009 2981 1181 3051 feritatem

100 3098 274 3192 mitigavit
293 3099 391 3185 Asia,
414 3121 666 3192 romanamque
686 3101 851 3174 virtutem
872 3103 977 3193 fregit
997 3099 1178 3191 Hispania,

100 3221 204 3311 fregit
221 3219 354 3306 Africa,
377 3243 445 3293 non
461 3222 605 3315 quidem
622 3225 714 3294 ferro
735 3223 863 3308 hostili,
883 3223 948 3294 sed
960 3219 1181 3290 exercituum

100 3342 242 3432 ignavia
262 3354 297 3413 et
316 3343 509 3437 disciplinae
529 3344 686 3416 militaris
708 3345 858 3416 interitu.
881 3343 944 3414 Hic
970 3342 1046 3433 ipse
1072 3360 1181 3433 popu-

100 3465 156 3536 lus
179 3473 297 3535 tantus
316 3476 351 3536 et
371 3476 545 3537 tantarum
562 3488 681 3559 opum,
703 3466 804 3537 cuius
822 3465 891 3535 iam
914 3485 1003 3556 pene
1024 3480 1105 3554 pars
1132 3461 1147 3528 f
1165 3501 1180 3511 -

100 3598 178 3659 otus
200 3607 293 3669 sum,
316 3584 411 3656 haud
430 3586 535 3657 dubie
553 3586 738 3658 barbaram
756 3585 861 3657 habet
877 3583 1060 3675 originem.
1082 3582 1181 3652 Nunc

104 3708 201 3802 (quid
224 3728 294 3778 non
317 3707 462 3778 mutatio
482 3708 547 3778 loci
568 3708 718 3800 potest‘l)
753 3706 839 3776 nihil
874 3704 1031 3776 moribus
1063 3703 1180 3796 gentis

102 3830 300 3910 humanius,
324 3829 409 3900 nihil
428 3838 484 3901 est
504 3827 631 3899 mitius.
654 3830 930 3921 Transplantatae
955 3848 1078 3899 succos
1104 3848 1183 3896 mu-

103 3962 176 4024 tant
202 3952 333 4025 herbae.
359 3950 515 4023 Arbusta
541 3951 718 4021 silvestria
739 3952 770 4020 si
796 3950 927 4021 inserta
953 3949 1089 4031 fuerint,
1116 3949 1180 4019 loci

102 4075 292 4148 mutatione
311 4076 517 4171 primaevam
551 4081 687 4144 exuunt
721 4081 897 4156 naturam,
928 4079 1181 4160 assumuntque
