2670 4688
398 329 491 379 nmsn
512 325 686 376 vtcssntus.
698 325 903 377 -etusrom
924 328 944 375 1.
1187 319 1207 379 3

125 470 213 550 ritia,
233 469 283 539 sie
303 487 424 539 senum
446 461 652 557 pertinacior
672 461 815 536 ambitio
840 473 910 548 est,
931 478 968 538 et
987 467 1039 538 sio
1065 466 1207 560 reliquis

124 589 280 686 pestibus
301 608 489 685 processus
501 596 557 659 est
569 607 672 669 suus,
687 606 777 656 neve
791 589 878 658 mori
891 611 1043 682 unquam
1062 588 1208 664 morbus

123 712 235 808 possit
254 733 431 804 aegrorum
457 707 682 801 intemperies
711 706 803 779 lacit.
837 709 923 781 Cum
958 712 1013 782 his
1047 713 1208 788 hostibus

124 856 182 909 res
200 843 258 907 εει
277 833 395 916 nobis,
412 831 542 926 quibus
560 851 630 901 non
650 826 755 901 modo
771 852 840 902 non
863 830 1061 904 resistimus
1079 835 1142 905 ssd
1159 840 1209 908 la·
1313 818 1322 834 ’

126 978 272 1041 vemas,
295 966 331 1029 ει
350 958 442 1027 ultro
459 963 597 1025 nostros
618 953 758 1045 iugulos
771 953 805 1023 in
818 954 948 1024 semum
969 953 1108 1040 damus,
1125 958 1210 1049 quin

124 1081 244 1163 etiem,
267 1078 395 1150 mirum
415 1076 523 1161 dictu,
549 1075 580 1147 si
603 1077 797 1147 lentescere
822 1075 1006 1167 ooeperint,
1033 1075 1210 1151 irritamus

125 1203 217 1285 illos,
239 1201 341 1294 quasi
367 1201 481 1272 minus
507 1200 674 1272 miserum
708 1195 782 1269 fieri
817 1196 863 1270 sit
894 1199 1036 1270 miseria
1062 1220 1209 1273 summa.

124 1324 227 1408 Quod
247 1324 378 1416 passim
398 1323 434 1393 in
454 1321 574 1394 multis
596 1322 700 1394 modo
722 1321 866 1394 senibus
897 1344 1010 1414 usque
1040 1322 1085 1393 ad
1114 1324 1212 1395 lasti-

125 1447 221 1518 dium
243 1445 421 1529 videmus,
446 1445 574 1538 quibus
608 1443 693 1514 nibil
718 1444 918 1517 obscoenius
949 1448 999 1517 sol
1031 1445 1137 1517 videt.
1163 1446 1213 1517 lle

124 1567 337 1660 quibusdam
358 1567 526 1658 legimus,
547 1577 653 1658 atque
673 1565 845 1656 inprimis
862 1565 908 1638 de
925 1567 982 1638 illo
995 1567 1095 1638 cuius
1109 1569 1213 1660 paulo

126 1701 209 1762 ante
237 1689 379 1762 memini
412 1688 563 1772 Tiberio,
593 1710 699 1781 quem
723 1686 817 1781 apud
840 1688 970 1761 inleros
994 1711 1135 1782 quoque
1159 1689 1213 1760 Dii

126 1814 182 1885 sui
199 1814 352 1904 Deaeque
374 1815 465 1883 male
485 1820 686 1903 torqueant,
714 1810 762 1883 ita
786 1811 871 1882 mihi
898 1812 1118 1883 stomachum
1144 1820 1213 1881 tor-

125 1943 211 2026 quet
227 1933 401 2026 bilemque
423 1934 546 2024 agitat,
569 1933 729 2025 quotiens
757 1954 877 2006 senam
898 1934 995 2006 illum
1013 1936 1093 2025 lego
1115 1933 1212 2005 miris

125 2067 161 2129 ει
176 2056 326 2130 infandis
340 2055 468 2140 modis,
482 2066 588 2149 atque
601 2043 692 2127 inter
704 2069 870 2139 coeteros,
891 2060 1003 2129 relatu
1017 2057 1124 2129 etiarn
1137 2066 1210 2128 tur-

126 2179 178 2275 pi,
217 2181 416 2273 spectaculo
446 2178 653 2252 concubitus
688 2179 921 2265 monstruosi,
957 2191 994 2251 ut
1024 2178 1213 2272 Tranquilli

128 2302 236 2375 verbo
256 2312 351 2386 utar,
373 2300 576 2374 deficientes
597 2302 759 2374 libidines
782 2302 1005 2376 excitantem.
1034 2302 1121 2374 Hinc
1145 2302 1215 2373 illas

128 2422 283 2496 ridiculae
320 2423 536 2515 infamesque
571 2435 769 2496 nostrorum
805 2445 929 2495 senum
967 2422 1213 2515 querimoniae,

128 2542 224 2632 quod
243 2541 345 2612 solito
370 2542 486 2612 minus
518 2542 757 2632 voluptatibus
789 2554 956 2628 aestuent,
989 2544 1085 2636 quod
1109 2544 1215 2612 male

130 2660 241 2733 suade
264 2660 410 2731 titillatio
429 2671 465 2731 et
492 2663 647 2754 pruritus
678 2662 839 2734 iuvenilis
866 2662 1093 2749 abscesserit,
1120 2663 1215 2756 quod

128 2787 222 2879 golae
244 2784 427 2876 somnique
447 2795 483 2857 et
498 2786 632 2856 ventris
652 2784 825 2857 illecebris
846 2785 1004 2858 destituti
1030 2796 1124 2859 sunt:
1151 2807 1213 2878 po-

129 2923 259 2984 stremo
278 2911 373 3003 quod
393 2912 487 2984 vires
508 2909 742 3005 corporeaead
755 2911 889 2984 casdem
906 2909 1215 3004 carnificinamque
1276 2929 1278 2932 ·

128 3035 342 3106 deiecerunt.
372 3033 478 3128 Atqui
502 3034 603 3127 peius
632 3044 688 3105 est
721 3034 984 3126 sanguinarium
1018 3056 1101 3106 esse
1125 3036 1216 3107 velle

129 3175 234 3247 quam
251 3176 344 3228 esse.
366 3155 537 3239 Quamvis
556 3158 617 3250 qui
637 3159 752 3229 malus
774 3178 856 3228 esse
877 3157 990 3249 cupit,
1010 3154 1131 3249 utique
1145 3157 1215 3227 iam

129 3279 244 3347 malus
264 3297 306 3346 ac
325 3279 501 3370 pessimus
521 3287 592 3363 est,
614 3299 680 3349 nec
698 3279 886 3370 quisquam
906 3277 1003 3371 peior
1022 3298 1127 3369 quam
1155 3277 1216 3367 qni

130 3407 273 3491 peccato
294 3395 414 3467 studet
437 3410 473 3469 et
499 3398 629 3489 flagitio
652 3399 830 3489 gloriatur.
858 3396 1028 3469 Delectari
1053 3394 1214 3488 equidem

132 3523 166 3591 in
186 3519 302 3602 malis,
324 3539 433 3612 pmpe
452 3523 620 3591 malorum
641 3521 796 3592 omnium
808 3531 865 3592 est
877 3529 1010 3592 natura.
1027 3518 1124 3590 Unde
1138 3539 1216 3611 pao

131 3642 233 3716 candi
255 3622 472 3714 consuetudo
493 3642 743 3716 iucundissima
756 3646 849 3739 apud
863 3645 1061 3715 Ciceronem
1077 3641 1215 3713 dieitur.

132 3768 168 3836 ln
194 3765 320 3839 madiis
354 3784 438 3837 sane
463 3764 751 3838 delectationibus
784 3765 993 3850 inhonestis,
1029 3766 1214 3837 molestum

132 3889 264 3983 aliquid
284 3890 353 3982 pati
374 3899 412 3959 at
430 3891 527 3960 velut
546 3891 683 3961 frenum
704 3889 845 3983 aliquod
866 3891 995 3962 sentire
1015 3887 1214 3971 libidinum,

132 4013 303 4084 malornm
324 4012 439 4083 adbuc
458 4021 528 4095 est,
545 4013 608 4082 sed
620 4011 665 4082 ad
678 4011 820 4083 meliora
834 4011 1064 4096 tendentium,
1079 4022 1115 4083 et
1126 4030 1215 4104 qnos

135 4152 230 4228 saepe
249 4133 294 4205 de
314 4135 451 4226 magnis
474 4131 740 4226 tempestatibus
759 4132 924 4207 liberatos
938 4134 972 4205 in
988 4144 1122 4225 portum
1136 4143 1214 4223 per-
