2834 5086
167 674 220 734 1111
505 688 545 736 nu
567 686 668 735 nunus
689 684 913 734 rututnmumus

165 831 220 899 tici
242 831 400 921 responsi
419 828 510 900 illius
528 829 572 900 ad
591 828 899 910 adolescentulum,
918 827 1075 920 quicum
1094 829 1253 901 similiter

163 949 293 1023 dubius
313 972 354 1021 ac
373 959 418 1036 tu,
436 973 483 1023 ex
496 950 552 1022 illo
572 951 774 1043 quaesiisset
790 947 884 1041 quod
901 972 949 1020 ex
968 970 1023 1020 me
1044 974 1138 1023 nunc
1153 972 1252 1044 ques»

167 1074 225 1155 ris,
249 1076 296 1145 ait
322 1075 499 1148 Socrates:
530 1083 648 1146 utrum
680 1095 801 1146 eorum
836 1073 978 1146 fecisset
1008 1075 1252 1167 poenitentiam

166 1208 322 1267 acturum
343 1220 447 1271 esse:
466 1209 498 1271 et
517 1197 643 1270 adiecit
662 1217 790 1268 causas
807 1217 896 1290 quas
919 1193 1005 1267 sileo
1020 1222 1027 1265 :
1045 1207 1139 1270 notae
1159 1199 1251 1270 enim

166 1328 257 1388 sttrrt.
283 1318 361 1403 Quo
380 1320 473 1396 dicto
499 1321 585 1393 sutis
604 1318 758 1390 ostendit
781 1316 932 1409 quidde
958 1317 1024 1391 hoc
1044 1319 1138 1412 quod
1164 1318 1253 1391 inter

167 1461 230 1510 nos
249 1442 366 1532 agitur
387 1445 543 1523 sentiret,
564 1441 728 1531 quamvis
749 1438 841 1510 idem
863 1462 993 1531 magna
1013 1440 1058 1512 de
1079 1453 1176 1535 parte
1196 1463 1253 1512 re-

167 1586 242 1635 rum
270 1563 501 1635 burnanarum
523 1561 680 1631 similiter
705 1557 772 1629 dici
795 1560 921 1653 possit,
937 1562 1129 1655 inquihuS,
1153 1563 1252 1658 quid-

165 1686 249 1780 quid
269 1684 381 1775 eligis
405 1684 559 1776 undiquc
578 1681 678 1752 labor
699 1682 842 1753 taedium
865 1684 1071 1776 periculum.
1092 1687 1164 1758 Nec
1189 1687 1253 1757 mi-

167 1805 299 1879 rttluris
327 1804 357 1872 si
384 1803 544 1876 intendas
569 1804 678 1874 vitam
706 1813 872 1890 nostram,
894 1828 964 1899 qua
987 1815 1167 1903 tantopere
1192 1808 1255 1880 de-

165 1928 347 2007 lrutntnur,
374 1946 585 2017 quocunque
611 1936 646 1998 te
675 1934 795 1998 vertas
827 1950 896 1999 non
922 1949 1004 2000 esse
1029 1930 1124 2002 aliud
1149 1954 1255 2024 qnam

164 2043 356 2137 turriculum
376 2058 412 2117 et
433 2046 577 2119 taedium
594 2058 631 2118 et
651 2046 818 2119 laborem.
837 2049 929 2132 Quid
950 2047 1030 2118 inde
1050 2051 1142 2118 enim
1161 2055 1256 2126 alind

164 2186 289 2259 11111111
308 2188 414 2261 qtratn
432 2168 528 2263 quod
548 2168 596 2239 ibi
616 2172 697 2240 est?
714 2169 800 2253 Quis
821 2169 958 2240 ardenti
977 2170 1117 2237 tornaco
1138 2187 1253 2239 rorem

165 2286 335 2377 guttatam,
369 2292 452 2387 quis
477 2294 565 2365 mari
590 2291 705 2365 medio
729 2292 867 2364 dulcem
894 2292 1039 2371 lentem,
1066 2297 1127 2359 aut
1151 2288 1254 2359 vivas

166 2410 245 2479 altis
268 2412 337 2484 sub
357 2414 500 2487 nivibus
521 2437 652 2507 prunas
674 2417 833 2508 quaerat?
852 2414 1078 2506 Unaquaeqne
1101 2430 1157 2482 res
1180 2409 1255 2480 suis

167 2528 201 2597 in
228 2530 376 2606 setlibus
403 2545 460 2606 ost
490 2536 694 2628 quaerenda,
729 2547 765 2609 et
794 2538 824 2608 si
849 2537 930 2609 alibi
956 2534 1126 2628 quaeritur
1151 2535 1257 2603 altam

165 2664 308 2739 tlttoqno
329 2654 517 2728 frustretur
538 2656 750 2751 indaginem.
773 2661 896 2754 ltaque
916 2680 996 2732 cum
1016 2656 1050 2727 in
1073 2656 1139 2726 boc
1159 2658 1259 2726 fuson

166 2773 376 2861 scrupuloso
395 2790 431 2850 et
451 2778 585 2856 lubrico
605 2785 688 2856 vitae
708 2806 816 2856 cursu
838 2804 903 2855 nec
921 2780 1060 2877 requies
1082 2798 1260 2859 veracco

165 2906 263 2961 ruera
288 2892 441 2976 dulcedo
466 2907 596 3003 aliqua,
620 2931 684 2982 nec
709 2920 805 2982 certa
827 2906 936 3002 possit
961 2925 1042 2976 esse
1069 2898 1258 2982 securitas,

165 3010 331 3103 ‹tutations
359 3030 410 3101 rei
436 3033 631 3130 cuiuspiam
657 3035 868 3127 ambiguitas
894 3040 970 3104 orta
996 3028 1075 3110 erit,
1103 3034 1143 3096 ut
1169 3042 1260 3094 nunc

168 3132 238 3219 libb
261 3158 362 3239 ssaepe
382 3157 476 3245 aliie,
499 3160 592 3232 omni
613 3160 784 3230 lallacium
807 3174 870 3245 spe
891 3151 1030 3230 reiecta,
1055 3147 1166 3218 virtus
1186 3146 1260 3216 sola

168 3256 389 3356 relinquitur.
416 3282 476 3355 llla
501 3279 673 3372 dirigendi
699 3272 929 3362 flectendique
958 3268 1093 3339 consilii
1121 3269 1259 3359 siguum

166 3374 276 3471 dubit,
297 3392 343 3464 ad
360 3405 456 3491 quod
474 3403 664 3497 respiciens
681 3421 750 3468 non
768 3391 902 3465 errabis
917 3416 924 3474 ;
943 3401 978 3462 et
994 3391 1158 3484 quamvis
1175 3391 1261 3461 lorte

169 3520 228 3575 1138
254 3513 383 3592 ellectu
409 3537 540 3609 careat,
569 3526 645 3617 ipse
678 3531 792 3591 umen
820 3516 955 3587 electivi
985 3514 1126 3587 babitus
1153 3509 1262 3604 gloria

168 3644 239 3699 nou
266 3642 417 3718 carebis.
447 3651 619 3720 Caeterum
647 3646 680 3714 in
708 3645 783 3736 ipsa
804 3640 907 3711 etiam
933 3638 1069 3710 utilium
1095 3635 1263 3707 electione

168 3744 254 3825 dnm
274 3767 362 3854 quid
379 3770 545 3866 expediat
561 3769 730 3864 quaeritur
746 3764 946 3838 difficillima
963 3759 1178 3834 examinatio
1194 3765 1262 3838 est;

167 3878 268 3967 bl¹0d
290 3906 390 3985 saepe
408 3894 468 3966 tibi
489 3914 608 3977 unum,
626 3891 744 3963 domui
763 3899 878 3960 autem
902 3895 972 3957 tuae
989 3887 1046 3956 vel
1068 3881 1190 3978 patriae
1205 3878 1265 3949 vel

168 3998 297 4078 noricis
317 4013 425 4098 aliud,
449 4039 557 4088 unum
577 4013 796 4106 patrimonio,
818 4010 913 4083 aliud
933 4011 1051 4091 lamae,
1076 4025 1182 4077 unum
1203 4001 1265 4074 de·

171 4116 368 4219 lactationi,
395 4137 491 4210 aliud
516 4135 707 4208 valetudini
729 4133 894 4228 expediat
919 4153 960 4202 ac
986 4128 1100 4200 saluti.
1127 4125 1204 4207 Quo
1229 4122 1264 4191 in

172 4234 271 4317 tirio
292 4253 381 4331 illud
401 4260 662 4333 observandum
681 4277 818 4340 censeo,
839 4265 877 4326 ut
902 4249 1098 4323 communia
1119 4241 1266 4340 privatis

169 4374 208 4437 1111
227 4368 363 4448 nobilia
384 4383 596 4477 ignobilibus
622 4384 864 4478 praelerantur.
889 4374 984 4444 Neve
1004 4369 1137 4442 diutius
1154 4378 1188 4438 te
1204 4386 1266 4437 an-

175 4496 276 4561 1111111
302 4498 411 4579 dubio
432 4526 595 4580 sermone
620 4504 813 4583 detineam,
841 4500 910 4571 buc
937 4516 1010 4565 rem
1037 4492 1148 4565 traho.
1176 4485 1266 4560 Satis
