2670 4688
522 234 564 285 BR
584 234 686 287 nctus
705 232 928 289 lifflssdfflliiis

611 532 789 599 epistota
808 534 842 598 V.

188 702 384 757 sntsctsctts
404 705 573 757 rsrttnct
592 706 726 758 IOHANNI
745 706 898 758 EPISGOPO
919 705 1109 759 ottttt'ttcttst
1128 704 1155 757 S.
1177 706 1208 759 P.
1236 706 1273 759 1).

508 865 690 923 Commendat
703 867 730 923 ei
743 867 943 924 Socrnmomm.

286 1118 391 1190 Venit
408 1116 454 1189 ad
469 1116 646 1189 Caesarem
660 1118 864 1189 Saceramor
879 1117 934 1189 vir
948 1117 1100 1211 optimos
1114 1124 1153 1189 et
1166 1118 1270 1212 quod

189 1262 287 1338 saepe
304 1240 421 1315 dicere
437 1240 549 1322 soleo,
571 1238 636 1312 nisi
658 1263 714 1314 me
734 1260 833 1313 amor
851 1239 947 1324 saliit,
965 1240 1033 1313 boo
1050 1239 1192 1313 nomine
1210 1250 1270 1313 nt·

186 1385 256 1457 que
275 1362 368 1434 omni
389 1382 486 1435 verae
504 1362 664 1435 amicitiae
681 1360 785 1434 laude
804 1359 1042 1452 dignissimus.
1062 1360 1139 1432 Non
1156 1358 1269 1435 modo

187 1485 279 1555 enim
302 1506 424 1557 amans
442 1487 498 1556 vei
518 1485 660 1570 amicos,
684 1485 756 1568 sed,
779 1495 819 1557 ut
837 1484 931 1578 quod
951 1481 1076 1578 cupide
1094 1482 1184 1555 iccio
1204 1493 1267 1557 tuo

187 1603 299 1695 verbo
323 1617 402 1677 utar
424 1607 635 1699 emphatico,
663 1629 762 1680 amor
785 1616 849 1679 est
876 1608 984 1680 Totus
1007 1614 1076 1689 est.
1101 1605 1263 1699 inquam,

190 1748 312 1800 nmor:
329 1748 442 1820 neque
454 1728 718 1822 amorquitibet‚
739 1728 801 1800 sed
817 1750 915 1802 sacer
931 1751 1037 1803 amor.
1055 1728 1161 1800 Venit
1174 1748 1265 1823 crgo

187 1850 233 1923 ad
253 1851 440 1934 Caesarem,
461 1865 497 1922 et
515 1850 561 1923 ad
585 1863 618 1924 te
639 1851 748 1934 venit,
770 1853 871 1924 ouius
897 1874 952 1923 mc
976 1873 1074 1924 amor
1097 1852 1265 1947 compulit

187 1987 226 2048 ut
249 1982 330 2047 nota
348 1984 385 2046 et
407 1971 542 2045 ardenti
564 1970 690 2055 fiducia
716 1973 774 2045 ilia
793 1995 870 2046 mea
890 1974 935 2046 de
959 1974 1025 2047 hoc
1043 1974 1137 2061 viro,
1163 1976 1264 2069 qnod

186 2093 271 2165 mihi
287 2095 404 2165 visum
424 2103 480 2165 est
495 2094 625 2164 Caesari
646 2091 844 2166 scriberem.
865 2093 956 2177 Quid
973 2095 1173 2190 scripserim
1191 2120 1265 2173 non

63 2226 64 2230 ’
186 2225 305 2308 repeto
323 2237 387 2289 noc
410 2223 558 2308 oportet,
579 2214 674 2309 quod
693 2214 828 2288 iliarum
850 2225 887 2289 tn
912 2219 1008 2291 solus
1027 2218 1203 2313 interpres
1227 2232 1267 2309 et

187 2336 324 2410 adiutor
350 2338 542 2413 litterarum
571 2338 654 2424 eris,
684 2348 720 2411 ut
752 2339 874 2413 soiitos
897 2361 949 2414 es.
978 2340 1054 2413 Tibi
1080 2363 1166 2416 vero
1194 2340 1266 2419 boc

186 2482 294 2533 unum
319 2462 452 2535 dixisse
478 2462 563 2535 satis
588 2462 648 2534 sit:
674 2463 705 2534 si
730 2486 885 2558 unquam
910 2469 966 2538 vel
995 2464 1174 2538 credidisti
1202 2470 1264 2543 vel

184 2580 380 2657 crediturus
399 2607 452 2672 es,
473 2584 681 2660 mihicrede
700 2587 795 2682 quod
815 2589 872 2662 bic
890 2598 960 2662 tota
978 2597 1012 2660 te
1032 2598 1166 2675 mente,
1187 2599 1264 2665 totn

186 2705 310 2790 anima,
328 2715 398 2778 toto
416 2718 557 2802 pectore
576 2709 697 2801 dirigit
715 2711 805 2793 colit,
829 2709 981 2802 suspicit,
996 2718 1192 2793 veneratur,
1208 2723 1263 2787 te-

185 2848 254 2919 que
278 2827 313 2897 in
343 2831 491 2901 sommis
525 2826 649 2925 opibus
689 2838 795 2922 atque
830 2829 1022 2903 honoribus
1051 2831 1125 2904 suis
1149 2835 1260 2929 ponit

185 2949 257 3020 Aut
275 2972 343 3042 ego
359 2953 468 3035 failor,
487 2958 549 3023 ant
565 2972 660 3046 saepe
677 2953 752 3024 iure
768 2949 930 3024 amicitiae
946 2953 981 3023 in
997 2953 1135 3028 intimas
1152 2957 1261 3031 animi

186 3073 243 3145 sui
262 3071 414 3145 latebras
434 3072 621 3159 admissus,
641 3094 781 3166 semper
800 3071 848 3145 ibi
867 3076 924 3146 vei
945 3076 1103 3170 primum,
1117 3079 1176 3150 vei
1187 3079 1261 3174 pri-

185 3218 242 3267 mo
258 3196 326 3269 hoo
341 3206 396 3269 est
411 3196 543 3269 Caesari
559 3196 769 3290 proximum,
784 3206 819 3267 te
832 3199 960 3271 notavi.
974 3200 1150 3273 Caeterum
1162 3202 1260 3296 quod

185 3321 342 3392 exterius
355 3330 457 3415 patet,
471 3341 574 3392 nemo
587 3331 683 3393 certe
694 3341 798 3412 quem
812 3322 979 3406 noverim,
993 3344 1095 3394 nemo
1108 3345 1259 3417 usquam

186 3444 235 3516 tui
261 3443 411 3516 nominis
435 3454 471 3516 et
496 3456 633 3515 tuarum
660 3464 777 3514 rerum
803 3442 926 3515 otarior
951 3456 1055 3537 atque
1080 3446 1259 3520 sonantior

185 3587 299 3661 praeco
318 3577 384 3640 est.
401 3568 479 3639 Rite
495 3587 580 3658 ergo
602 3577 706 3659 teque
722 3586 797 3637 rem
817 3563 956 3657 dignam
976 3568 1108 3653 feceris,
1129 3570 1159 3639 si
1175 3589 1257 3642 eum

186 3691 359 3785 reciproca
380 3691 524 3763 caritate
540 3691 747 3783 complexus
768 3688 963 3771 ostenderis
989 3699 1031 3773 te,
1058 3700 1096 3763 ut
1116 3691 1257 3783 ingenio

186 3822 225 3883 ut
248 3815 386 3907 eloquio
408 3826 446 3886 ut
471 3815 600 3887 virtute
620 3812 736 3896 animi,
752 3811 803 3884 sic
822 3809 1060 3885 benevolentia
1083 3826 1119 3887 et
1137 3835 1258 3889 amore

186 3959 207 4009 a
228 3937 365 4009 nemine
385 3937 477 4010 vinci
496 3959 612 4033 posse.
629 3937 732 4008 Plura
753 3932 904 4005 dicerem
925 3933 956 4004 si
974 3934 1064 4027 apud
1080 3937 1186 4010 alium
1205 3939 1258 4009 lo-

186 4079 328 4150 querer:
352 4081 442 4130 nunc
459 4057 503 4131 ad
520 4059 615 4133 ilium
629 4055 712 4130 mihi
726 4073 842 4129 sermo
853 4062 910 4126 est
924 4053 985 4147 qui
1000 4076 1070 4145 me,
1086 4068 1125 4133 ιιι
1140 4078 1254 4153 spero,
