2834 5086
503 486 687 551 FRANCiSCl
713 485 914 549 PETRARCAE

334 705 399 783 DE
455 702 625 784 REBUS
680 702 1081 783 FAMILIARIBUS

404 920 531 992 LIBER
557 919 1008 1005 VICESIMUSQUARTUS.

598 1431 776 1497 osismos
797 1435 817 1496 1.

223 1604 414 1655 Fusoclsco's
436 1601 603 1653 Psssssoncs
626 1602 770 1651 PHILIPPO
792 1603 945 1652 EPISCUPO
968 1604 1196 1652 cossioicsssl

644 1699 670 1747 S.
693 1700 720 1747 P.
744 1698 774 1747 Ι).

522 1896 528 1901 ,
570 1837 609 1893 Do
624 1838 756 1893 brevitate
771 1840 843 1893 vitae.

263 2086 354 2158 Anto
387 2085 451 2157 hos
483 2084 622 2176 triginta
643 2106 766 2166 annos,
791 2094 828 2156 ut
851 2094 939 2156 aetas
964 2085 1081 2155 furtim
1104 2083 1243 2165 labitur,

166 2210 224 2302 qui
253 2209 336 2280 mihi
356 2211 392 2283 in
417 2220 554 2302 tergum
581 2231 688 2283 verso
715 2212 800 2283 dum
830 2219 954 2285 cuncta
972 2208 1075 2280 simui
1099 2209 1244 2290 intueor,

165 2329 227 2402 vix
247 2332 323 2402 dies
346 2331 478 2421 vixque
501 2330 598 2401 horae
620 2332 775 2416 totidem,
798 2344 834 2402 at
856 2333 941 2404 dum
963 2332 1100 2420 singula
1122 2329 1245 2400 metior

165 2463 201 2523 et
221 2473 379 2522 meorum
396 2451 555 2520 cumulos
572 2448 729 2521 laborum
746 2452 925 2543 explicare
942 2451 1085 2542 incipio,
1105 2449 1246 2522 totidem

167 2574 299 2642 saecula
320 2569 433 2641 videri
460 2571 594 2653 solent;
622 2572 748 2665 scripsi
769 2571 815 2641 ad
834 2570 1070 2640 venerabiiem
1091 2580 1126 2638 et
1146 2592 1249 2660 ogre-

168 2692 263 2782 gium
300 2693 398 2763 illum
442 2714 563 2764 senem
603 2692 847 2787 Raymundum
888 2690 1148 2784 Superantium,
1187 2690 1247 2781 qui

166 2836 288 2887 verum
326 2815 565 2888 Iurisconsulti
603 2837 730 2888 nomon
768 2815 907 2898 habuit,
941 2813 1038 2907 quod
1075 2813 1246 2895 utvides

165 2940 263 3008 multi
283 2941 372 3010 falso
392 2952 577 3032 occupant,
599 2938 744 3032 iureque
771 2938 937 3030 sapientis
959 2947 994 3009 ot
1014 2949 1191 3031 aspectum
1213 2945 1248 3006 et

165 3057 326 3130 affectum
363 3062 534 3155 prostitit,
575 3063 705 3156 quiquo
741 3061 919 3135 liberrima
954 3060 1174 3133 contumacia
1203 3058 1248 3129 ad

165 3189 361 3254 extremum
384 3206 481 3269 usus,
505 3207 567 3279 pro
591 3185 739 3258 veritate
755 3197 791 3256 et
822 3184 953 3255 iustitia
982 3181 1153 3253 adversus
1179 3181 1248 3251 Ro-

165 3326 306 3377 manum
326 3327 466 3397 quoque
486 3305 687 3378 Pontificem
709 3307 803 3377 stetit
827 3309 898 3377 alio
924 3304 1039 3375 animo
1065 3313 1169 3394 atque
1196 3303 1248 3372 in-

166 3428 273 3512 viooo,
301 3429 574 3522 propterquod,
606 3431 724 3500 multis
751 3431 853 3522 longe
883 3422 1074 3521 imparibus
1097 3424 1244 3508 evectis,

165 3570 258 3624 unus
283 3550 340 3621 ille
367 3549 619 3641 gloriosissime
649 3570 717 3622 non
742 3550 915 3633 asoendit,
944 3547 1007 3619 sed
1034 3547 1142 3617 multa
1166 3567 1246 3618 oum

165 3673 269 3745 laudo
290 3673 497 3766 propriaque
518 3693 587 3743 non
608 3673 799 3744 adventitia
819 3671 1012 3754 maiestate,
1032 3690 1136 3741 suum
1153 3691 1246 3741 som-

165 3817 229 3890 per
254 3796 363 3867 tonuit
387 3798 519 3878 locum,
553 3815 618 3864 neo
651 3793 847 3886 promoveri
868 3802 1046 3886 *appetens
1076 3814 1139 3863 nec
1166 3814 1245 3885 pro-

167 3929 293 3992 motus.
319 3917 373 3989 Ao
399 3917 492 3989 huno
521 3937 605 4008 ergo
645 3916 747 3986 talem
783 3934 919 3999 senem,
955 3916 1015 4007 qui
1046 3916 1241 3997 aetatulam,

166 4042 294 4135 quique
327 4039 536 4132 ingeniolum
572 4059 687 4110 meum
719 4047 755 4109 et
787 4059 904 4110 amaro
928 4048 964 4108 ot
989 4041 1107 4109 fovere
1139 4048 1243 4129 atquo
