2834 5086
163 663 221 723 :llll
626 672 787 721 rattrtltt'rt

164 847 243 897 men
265 824 332 894 boc
349 823 697 913 quantulumcunque
712 820 904 891 divortium
920 840 1059 911 queror,
1085 830 1123 891 ct
1147 823 1254 893 morli
1311 808 1314 813 ’

163 960 199 1020 et
228 948 376 1016 iortunae
405 946 515 1014 iratus
551 962 656 1023 mcae,
693 944 790 1014 illum
824 943 1054 1037 interceptum
1081 943 1253 1017 invisibili

165 1089 296 1161 sequor
316 1086 455 1159 gressu,
485 1066 580 1135 illum
609 1064 694 1136 dum
728 1064 854 1135 vixero
885 1063 1103 1138 desiderabit
1133 1068 1253 1139 anima

165 1214 261 1275 mea,
290 1191 385 1260 illum
406 1209 484 1259 mea
502 1208 574 1259 vox
596 1189 769 1281 loquetur,
788 1188 884 1258 illum
904 1187 1085 1281 requirent
1102 1186 1255 1261 llcbunt-

165 1336 234 1407 que
246 1312 335 1385 oculi
352 1312 421 1381 mei
438 1331 589 1402 semper.
604 1311 649 1382 Et
661 1308 868 1403 speciosius,
890 1310 1014 1392 lateor,
1033 1320 1070 1380 et
1086 1309 1253 1403 magnili-

166 1437 303 1507 ccntius
324 1434 417 1527 loqui
436 1452 597 1527 possem,
626 1432 690 1504 sed
715 1454 784 1503 oon
812 1431 948 1515 verius3
974 1454 1039 1505 nec
1062 1454 1121 1505 rne
1144 1433 1251 1515 mibi,

167 1580 231 1630 nec
251 1558 356 1628 alium
378 1554 633 1627 circumvenire
655 1555 871 1647 propositum
896 1565 963 1625 est.
982 1554 1103 1647 ltaque
1129 1554 1182 1625 sic
1207 1555 1257 1627 lo-

166 1703 255 1774 quor
277 1690 315 1750 ut
334 1678 462 1770 cogito.
481 1677 582 1747 Certe
598 1698 671 1768 quo
687 1697 832 1770 possum
854 1677 932 1748 nisu
953 1678 1064 1747 lraeno
1083 1666 1254 1761 animum,

169 1803 230 1875 sed
250 1824 306 1873 me
326 1802 442 1872 calcar
461 1801 572 1868 lraeuo
602 1798 776 1889 potentius
801 1798 995 1891 precipitat
1027 1797 1074 1870 ad
1097 1818 1255 1871 amaram

167 1922 358 2016 quamdam
376 1918 596 1991 dulcedinem
624 1918 857 1991 lacrimarum.
885 1918 956 1989 Nec
975 1918 1078 1989 facile
1103 1917 1257 1989 dixerim

169 2068 276 2140 quam
297 2045 401 2115 dulce
421 2042 504 2112 mibi
528 2043 631 2113 luerit
651 2040 735 2112 llere
755 2042 839 2112 dum
859 2040 1064 2123 scriberem,
1082 2042 1260 2135 simulque

169 2165 340 2263 praeteriti
359 2164 524 2257 temporis
539 2164 758 2246 meminisse,
782 2174 912 2247 tecum,
930 2186 953 2237 o
969 2166 1100 2237 amoris
1116 2176 1154 2237 el
1171 2188 1259 2239 moe·

175 2291 266 2361 roris
289 2288 460 2383 particeps
481 2285 601 2369 amice,
620 2286 761 2378 quando
779 2286 843 2357 bas
866 2289 990 2358 saltem
1013 2289 1097 2359 tanti
1115 2288 1183 2358 viri
1204 2310 1261 2361 re·

173 2411 300 2506 liquias
323 2409 478 2482 nondum
499 2408 599 2479 nobis
628 2419 747 2480 nostra
768 2429 846 2481 sors
863 2409 1009 2502 eripuit,
1023 2419 1062 2481 ut
1083 2430 1146 2503 pro
1165 2410 1261 2485 dulci

172 2534 373 2629 praesentia,
401 2555 464 2625 pro
484 2531 652 2623 alloquio,
689 2551 751 2622 pro
776 2531 959 2615 convictu,
982 2530 1138 2623 gelidum
1164 2532 1261 2605 cinc-

174 2674 246 2723 rem
265 2675 306 2723 ac
327 2651 528 2723 memoriam
550 2661 742 2722 teneamus.
759 2653 872 2723 Unum
891 2650 974 2721 mibi
991 2652 1077 2724 dum
1098 2656 1263 2729 vulnerat

174 2775 330 2846 solamen
350 2770 438 2844 dura
460 2793 555 2844 mors
574 2774 704 2857 attulit,
726 2785 766 2845 ut
785 2774 854 2845 iam
875 2773 922 2844 nil
941 2772 1067 2847 durius
1087 2778 1160 2869 pati
1175 2798 1262 2873 poa-

175 2898 252 2967 sim.
275 2896 369 2967 Vale.
391 2895 428 2966 F.

596 3343 776 3407 Epistula
798 3343 855 3405 xx.

412 3536 606 3587 rurucrscus
627 3536 796 3586 aararaca
818 3537 859 3585 ro
881 3538 1033 3587 rariorua.

223 3712 302 3775 Quod
318 3712 450 3766 nuncium
465 3728 548 3767 suum
563 3714 680 3769 comiter
694 3714 833 3785 exceperit
847 3714 949 3785 gratias
965 3715 1035 3787 agit:
1053 3716 1130 3788 quod
1147 3716 1229 3772 illurn

365 3802 482 3872 pecunia
494 3802 637 3858 donaverit
651 3802 794 3857 auaritiam
809 3802 870 3858 eius
883 3802 1073 3875 reprehendit.

281 4104 375 4173 lllius
400 4101 466 4173 viri
491 4101 610 4197 optimi
642 4103 785 4174 maximi
819 4116 967 4200 tuasque
1002 4109 1104 4182 simul
1133 4110 1266 4185 litteras

184 4224 273 4315 logi:
301 4246 365 4295 noc
387 4245 453 4295 non
474 4234 509 4297 et
524 4225 617 4297 illum
641 4225 818 4300 Ciceronis
844 4230 997 4315 bostem,
1023 4251 1128 4322 quem
1153 4230 1199 4305 ad
1232 4244 1267 4305 tc

185 4344 347 4415 miseram
364 4345 499 4429 audiri,
522 4347 619 4431 viva,
648 4368 710 4420 sca
737 4351 875 4435 veriuS,
898 4363 1035 4423 mortua
1056 4366 1092 4425 et
1109 4356 1267 4447 exangui

188 4484 272 4532 rocc
295 4464 340 4535 dc
369 4467 531 4541 omnibus
566 4470 809 4545 blaterantem.
836 4471 952 4565 deque
986 4472 1042 4547 illo
1076 4475 1110 4545 in
1144 4476 1266 4569 primis
