2670 4688
152 278 209 335 illl
483 284 524 331 DE
546 282 647 331 Rubos
669 280 891 331 famulaturus

152 427 364 519 longitudino
383 437 479 497 certa
500 429 557 508 sit,
579 426 657 497 haec
681 424 725 496 dc
750 425 927 495 vicinitate
952 427 1074 496 mortis
1099 428 1236 496 incerta

151 572 231 621 esse
246 572 312 620 uon
327 558 451 641 potest.
468 552 603 619 Bonum
622 550 757 639 iugens,
778 548 841 617 sed
859 549 1013 637 ignotum
1034 549 1155 638 vulgo,
1172 549 1237 618 libi

151 694 244 742 nuno
263 671 404 742 obviam
425 672 535 742 vonit:
557 672 660 764 imple
679 671 822 742 feliciter
843 679 938 741 tuum
960 692 1099 753 nomen,
1118 680 1154 739 et
1171 669 1239 741 bo-

152 816 234 863 uum
255 803 376 863 contra
401 816 470 864 non
496 793 600 864 modo
625 791 818 885 intrepidus
845 793 909 864 sed
932 794 1095 862 exultans
1124 794 1235 878 vade,

153 926 398 1009 repertumque
428 937 496 988 non
523 928 686 999 mustus,
715 925 752 985 ut
778 937 904 1006 magna
931 934 1010 1007 pars
1034 915 1237 986 mortalium

152 1037 280 1129 quibus
294 1039 391 1124 mori,
405 1038 472 1111 hoo
484 1049 539 1109 est
558 1048 691 1107 naturae
708 1035 865 1127 obsequi,
884 1058 985 1128 poena
1003 1044 1070 1118 est,
1090 1037 1153 1107 sed
1173 1039 1238 1108 loe·

154 1172 211 1232 tus
233 1173 270 1233 ut
296 1162 407 1254 pauci,
435 1161 534 1252 quasi
561 1181 723 1248 magnum
750 1157 891 1249 aliquod
917 1159 978 1227 Dei
1005 1180 1133 1230 munus
1160 1182 1238 1229 am-

153 1286 316 1377 plectere,
344 1294 447 1373 teque
472 1280 516 1350 de
543 1281 659 1350 multis
692 1278 775 1348 vitre
810 1278 1074 1372 tempestatibus
1106 1281 1238 1352 votivis

153 1408 249 1477 auris
270 1408 304 1476 in
325 1416 462 1497 portum
489 1424 556 1472 non
583 1403 618 1470 in
644 1403 822 1494 scopulum
851 1401 931 1471 vehi
956 1402 1096 1486 credas,
1120 1425 1238 1494 neque

151 1528 255 1619 quod,
273 1528 339 1596 etsi
357 1528 484 1595 malum
498 1533 603 1605 esset,
625 1524 792 1595 declinari
809 1525 929 1617 nequit
942 1527 1148 1595 exhorreas.
1164 1524 1234 1596 lbi-

114 1624 122 1641 ⁵
152 1668 230 1716 mus
250 1644 392 1737 quidem
411 1665 548 1715 omues:
570 1644 710 1715 ibimus,
734 1646 788 1714 lre
809 1647 972 1718 omnibus
991 1656 1046 1717 est
1071 1668 1236 1718 neccsse:

153 1766 214 1837 sed
237 1764 363 1837 ibimus
385 1766 562 1857 impavidi.
585 1765 718 1837 Pavero
742 1766 835 1838 enim
856 1789 926 1839 non
951 1780 1075 1839 natura
1095 1770 1145 1838 roi
1173 1770 1238 1840 sed

152 1888 268 1981 opinio
286 1897 341 1961 est
361 1887 480 1971 animi,
500 1909 568 1959 uon
588 1891 782 1960 communis
802 1890 975 1961 acerbitas
997 1890 1060 1961 sed
1082 1890 1239 1962 imbecil-

153 2012 232 2083 litas
264 2011 497 2103 singulorum:
525 2011 678 2103 alioquin
704 2033 826 2082 omnes
856 2011 973 2105 pavidi
1004 2024 1238 2084 morerentur.

152 2134 223 2205 Neo
242 2134 430 2204 incomitati
451 2132 593 2203 ibimus:
617 2155 637 2203 e
659 2134 791 2204 cunctis
812 2133 914 2202 terris
933 2152 974 2201 ac
992 2136 1131 2204 saeculis
1145 2147 1240 2220 ante,

153 2264 255 2337 retro,
278 2255 408 2325 circum
429 2252 691 2325 innumerabilis
719 2253 819 2323 turba
839 2262 906 2335 est,
922 2261 958 2323 et
983 2254 1040 2345 qui
1064 2256 1132 2322 nati
1156 2270 1242 2331 sunt

153 2389 191 2449 et
204 2376 264 2471 qui
286 2388 474 2447 nascentur
493 2376 646 2447 diversis
665 2373 833 2467 gradibus
854 2398 961 2447 unum
981 2373 1085 2445 finem
1105 2384 1239 2466 petunt.

156 2498 210 2571 Ab
228 2521 379 2595 egressu
401 2496 547 2568 materni
568 2499 655 2571 uteri
677 2520 798 2570 omnes
825 2498 870 2571 ad
896 2499 962 2570 hoc
988 2499 1053 2569 itcr
1073 2498 1241 2571 destinati

156 2643 288 2695 sumus.
316 2624 387 2692 llos
413 2620 508 2711 ipsos
534 2623 592 2691 vel
623 2631 727 2691 aetate
755 2621 921 2706 tumidos,
949 2624 1007 2691 vol
1034 2643 1155 2712 regno,
1178 2624 1240 2713 qui

157 2742 363 2817 conditionis
376 2741 469 2815 obliti
489 2742 757 2814 immortalitatis
775 2766 873 2839 spem
893 2747 1048 2813 ventosis
1062 2744 1242 2816 erroribus

159 2875 406 2963 conceperunt,
433 2866 491 2936 rel
517 2868 618 2956 sequi
645 2877 794 2957 oportet,
813 2870 867 2937 vel
895 2867 1108 2960 praecedere,
1128 2891 1241 2960 coque

162 2988 319 3061 mustius
337 3008 408 3083 quo
426 2997 462 3059 et
482 2985 618 3057 radices
639 2987 695 3057 hic
715 2988 818 3057 altius
835 2999 1001 3076 egerunt,
1020 3000 1054 3058 et
1072 2990 1141 3060 illic
1158 2992 1241 3061 culti

164 3114 362 3205 prorisiquo
386 3108 500 3181 minus
525 3121 591 3180 cst.
619 3108 853 3192 Quamobrem
874 3130 952 3178 curn
976 3112 1129 3181 omnium
1159 3114 1243 3185 vitae

166 3238 244 3309 tirus
259 3236 369 3309 dousa
383 3232 475 3305 nube
491 3229 644 3314 obsitus,
663 3250 812 3321 cumque
829 3231 991 3302 omnibus
1009 3244 1101 3303 corta
1121 3256 1244 3305 ncces·

170 3382 264 3437 atras
288 3360 371 3429 uulli
391 3366 557 3451 praeturoa
582 3353 669 3423 certi
694 3355 935 3446 oxquoratiquo
963 3356 1152 3447 quidquam
1180 3360 1241 3441 sit,

174 3510 218 3555 -ac
239 3480 468 3555 nasutucudus
483 3488 538 3547 ost
554 3474 704 3557 unimus
720 3484 758 3543 ut
775 3476 839 3546 lroc
854 3478 929 3569 ipso
946 3478 1002 3549 dic
1022 3480 1243 3570 tranquillius

197 3630 344 3689 trustes.
366 3622 401 3675 ct
419 3602 483 3673 buc
502 3598 577 3693 ipsa
597 3596 684 3667 hora
704 3598 874 3690 quidquid
895 3601 1048 3671 omnium
1071 3623 1241 3671 annorum

185 3762 287 3803 „m
309 3744 464 3805 [mnam.
486 3724 568 3793 Nam
593 3718 694 3811 quid,
721 3740 783 3789 oro
809 3733 856 3802 te,
885 3726 985 3792 relert
1008 3721 1108 3791 bodie
1130 3743 1172 3791 ne
1197 3744 1243 3792 an

225 3890 271 3927 πε.
285 3886 328 3925 an
355 3878 430 3925 -eru
449 3868 536 3923 nuuc
553 3842 620 3924 liat,
641 3864 684 3913 un
701 3841 912 3913 tardiusculo
929 3844 1024 3933 (quod
1043 3844 1161 3935 utique
1175 3846 1243 3915 cito

235 4006 266 4051 :z
284 4008 418 4049 :nume
441 3992 546 4065 nsque
564 3966 651 4039 udtu
669 3964 762 4057 quod
785 3963 1000 4056 impossibile
1021 3967 1064 4035 sit
1090 3966 1245 4037 differri?

255 4126 496 4181 =·„-.„.mqm
513 4112 545 4169 et
570 4092 632 4165 bus
651 4088 802 4163 morulas
829 4086 982 4156 bumana
1009 4090 1245 4181 nequidquam
