2670 4688
167 225 208 286 ll
504 235 547 283 nn
569 235 669 284 nenos
690 233 913 284 rnurnrnruuns

169 373 359 444 maximum
382 368 477 439 Laelii
503 390 630 440 nomen
655 369 731 453 fuit,
757 371 884 442 surdas
908 368 1121 442 delatoribus
1143 390 1253 441 aures

169 494 314 575 habent,
336 502 441 584 atque
460 493 577 563 omnin
598 502 769 584 respuunt
784 513 866 584 quae
879 513 976 564 verre
992 492 1154 564 amicitiae
1168 503 1253 564 suot

170 617 330 688 adversa.
351 616 471 707 Neque
490 615 584 687 enim
606 615 691 685 satis
708 626 765 685 est
784 617 871 687 falsa
888 636 1067 708 respuere.
1089 616 1160 686 llac
1180 637 1252 689 una

170 740 205 809 in
231 740 369 810 reveri
394 738 541 831 salsique
566 738 732 809 discretio
765 737 949 809 inhonesta
973 748 1037 809 εει.
1072 735 1254 828 Quidquid

169 860 341 933 adversus
361 859 462 932 amici
481 859 586 931 fidem
607 860 750 943 dicitur,
775 859 844 932 fide
868 870 986 932 eareat
1010 880 1156 932 necesse
1182 870 1252 931 est.

169 985 353 1076 Nunquam
374 1007 422 1056 ex
442 1003 513 1076 quo
533 983 642 1053 semel
662 981 707 1054 de
728 983 841 1054 amico
861 982 1075 1067 decreveris,
1098 981 1142 1052 de
1163 983 1254 1053 ami-

168 1111 248 1181 cilia
272 1106 503 1181 dubitandum
523 1106 612 1179 orit:
634 1106 787 1198 alioquin
813 1115 983 1198 perpetuo
1003 1104 1140 1177 nutabit
1161 1104 1254 1176 ami-

169 1234 260 1305 citiae
285 1231 560 1314 fundamentum,
589 1229 688 1302 fides.
717 1230 839 1321 Itaque
863 1226 1047 1299 consilinm
1076 1227 1253 1299 Biantisa

168 1354 308 1427 Valerio
325 1353 516 1437 laudatum,
533 1374 604 1445 quo
622 1374 803 1424 monemur
817 1350 998 1423 sicumare
1014 1349 1254 1442 utaliquando

169 1477 283 1559 osori,
319 1477 353 1546 in
380 1476 575 1546 meretricio
601 1477 717 1544 forsan
742 1495 862 1545 amore
886 1475 1000 1545 locum
1031 1470 1172 1555 habeat,
1206 1470 1255 1542 ab

171 1595 322 1668 amicitia
344 1597 533 1685 relegetur;
554 1617 661 1686 quam
679 1618 758 1665 oum
773 1595 840 1665 nisi
854 1595 945 1667 inter
957 1594 1069 1666 bonos
1083 1614 1166 1665 esse
1181 1614 1255 1667 uon

171 1737 275 1812 posse
299 1715 453 1788 omnium
479 1715 646 1787 nobilium
672 1716 826 1787 iudicum
852 1718 1035 1790 sententiis
1066 1717 1254 1789 diffinitum

170 1839 234 1926 sit,
255 1838 370 1914 omnis
391 1837 472 1909 inde
493 1840 663 1909 malarum
685 1840 782 1909 lraus
804 1839 943 1924 artium,
965 1841 1079 1911 omnis
1096 1839 1257 1931 degener

170 1974 206 2035 et
231 1964 395 2034 indecora
421 1959 584 2032 vafricies
609 1961 830 2032 excludenda
854 1974 919 2032 est.
946 1963 1046 2034 Nulla
1067 1963 1135 2034 iam
1161 1961 1257 2033 diffi-

170 2087 302 2167 dentia,
323 2086 439 2157 nullus
461 2096 588 2156 metus.
611 2086 698 2156 Cum
718 2085 811 2156 enim
834 2083 996 2155 amicitiae
1016 2086 1150 2175 glutino
1175 2086 1257 2157 iun-

69 2186 71 2189 ¹
172 2215 300 2298 gantur
320 2205 439 2291 animi,
462 2218 498 2278 et
517 2227 537 2276 ε
562 2205 711 2287 duobus,
740 2214 777 2276 ut
802 2205 938 2289 dicitur,
965 2228 1073 2277 unum
1091 2204 1168 2291 fiat,
1191 2228 1258 2300 par

171 2338 227 2398 est
239 2339 393 2420 utquam
407 2329 558 2422 quisque
574 2329 618 2401 de
636 2350 675 2401 se
693 2330 778 2422 ipso,
797 2329 958 2401 eamdem
971 2327 1016 2400 de
1029 2328 1141 2399 amico
1152 2350 1256 2422 spem

110 2545 114 2553 ⁵
172 2451 351 2546 concipiat.
376 2452 601 2548 Multo-ergo
631 2454 757 2526 melius
791 2455 967 2546 multoque
1000 2452 1127 2523 iustius
1160 2454 1260 2547 apud

172 2573 321 2646 Tullium
344 2575 472 2647 Laelius
492 2575 676 2649 consilium
697 2577 837 2651 illudet
863 2578 1008 2650 rationis
1028 2597 1094 2668 ope
1119 2586 1154 2645 et
1180 2576 1259 2647 Soi-

171 2697 283 2789 pionis
297 2698 500 2770 auctoritate
518 2698 706 2791 redarguit,
723 2701 824 2772 cuius
842 2709 881 2770 nt
894 2698 1043 2769 nominis
1062 2699 1112 2768 sic
1129 2708 1164 2769 le
1179 2720 1259 2771 mo-

173 2842 249 2889 rum
263 2831 298 2891 et
309 2821 470 2892 amicitiae
491 2842 744 2906 successorem,
762 2823 886 2892 eadem
902 2842 973 2912 qua
990 2821 1046 2890 ille
1064 2821 1136 2903 luit,
1151 2819 1258 2893 decet

172 2962 253 3013 esse
280 2944 469 3015 sententia:
498 2965 563 3015 nec
583 2941 733 3014 amando
757 2943 875 3013 odium
906 2944 1075 3034 cogitare,
1106 2942 1168 3013 sed
1203 2944 1257 3042 sic

173 3086 291 3137 amare
319 3074 356 3135 ut
382 3065 501 3136 odisse
524 3086 680 3158 nequeas
703 3067 733 3135 si
755 3065 853 3135 velis.
880 3065 1006 3157 Magna
1031 3063 1192 3156 quaedam
1219 3077 1257 3136 et

173 3187 292 3258 divina
309 3209 366 3259 res
386 3198 441 3258 est
463 3188 625 3269 amicitia,
649 3187 713 3259 sod
732 3187 896 3278 simpron
919 3208 1057 3278 magnae
1077 3188 1257 3258 consulta·

174 3309 276 3381 tionis
297 3331 420 3402 egens,
443 3310 507 3381 scd
534 3312 648 3382 unius.
676 3312 873 3400 Antequam
899 3309 1025 3402 diligas
1052 3309 1253 3401 eligendum

173 3442 229 3501 ost
243 3462 249 3502 :
265 3455 344 3503 cum
357 3434 520 3524 elegeris,
540 3432 777 3524 diligendum:
797 3446 874 3523 post
894 3434 1111 3505 dilectionem
1134 3433 1255 3503 electio

174 3577 253 3626 sera
278 3567 344 3627 est.
372 3558 497 3627 Actum
524 3578 630 3647 agero
665 3557 774 3627 veteri
806 3555 991 3649 proverbio
1017 3555 1251 3648 prohibemur,

174 3677 297 3747 Nullus
323 3680 452 3751 exinde
478 3679 751 3772 suspicionibus
779 3682 893 3752 nullus
920 3680 1001 3751 odio
1028 3681 1137 3761 leone,
1170 3678 1253 3748 nilril

174 3799 327 3891 deniqne
349 3803 469 3893 reliqui
492 3813 546 3873 est
573 3801 637 3871 nisi
664 3822 792 3871 amaru.
827 3799 1009 3885 Quomodo
1040 3823 1124 3872 vero
1159 3802 1253 3872 illum

176 3946 271 3994 ames
300 3924 416 4009 hodic,
447 3950 551 4019 quem
574 3924 707 4016 cogites
732 3943 810 3993 cras
830 3923 969 3994 odisse‘l
988 3923 1064 3993 lure
1091 3925 1195 4016 igitur
1221 3935 1256 3993 ct

177 4071 381 4142 responsum
417 4049 500 4121 illud
543 4049 753 4122 Platonicum
791 4045 971 4128 laudatur,
1014 4046 1111 4120 cuius
1150 4070 1254 4142 snpra
