2834 5086
168 628 223 688 138
502 639 543 687 ott
563 638 665 688 REBUS
685 639 910 691 faurtunataus

165 803 323 878 praeceps
344 793 378 855 et
395 782 523 855 nimius
541 785 651 855 nostri
677 805 775 854 amor
801 783 958 876 impellit,
978 782 1063 856 dum
1085 786 1156 878 pati
1177 807 1247 859 non

163 928 353 1002 possumus
371 906 497 979 deesse
517 906 648 999 aliquid
664 904 766 978 nobis
787 906 939 979 omnium
958 928 1039 1001 quae
1057 907 1243 995 delectant,

164 1041 199 1101 et
225 1027 351 1100 idcirco
377 1030 463 1103 torte
489 1028 655 1102 confitear
683 1033 809 1102 multos
836 1052 917 1104 ease
945 1031 1004 1126 qui
1032 1052 1072 1103 se
1102 1033 1245 1104 nimium

164 1166 291 1226 ament:
305 1164 341 1226 at
352 1153 411 1245 qui
426 1153 522 1241 satis,
538 1176 677 1247 paucos.
695 1155 879 1240 Quomodo
893 1155 985 1229 enim
999 1175 1121 1248 quaeso
1138 1177 1177 1226 se
1191 1176 1247 1227 sa-

165 1279 218 1361 tis,
247 1277 312 1348 hoe
336 1288 391 1348 cst
417 1277 542 1360 sobrie,
570 1290 664 1350 amat
682 1279 742 1370 qui
766 1279 832 1349 sibi
852 1280 975 1351 votens
996 1279 1246 1371 sempiternam

165 1413 309 1473 mortem
328 1400 475 1495 quaerit?
495 1399 678 1485 Quomodo
697 1422 736 1471 se
756 1412 851 1472 amat
876 1401 935 1493 qui
963 1422 1002 1472 se
1027 1401 1249 1494 inexpiabili-

164 1521 230 1596 bus
248 1523 385 1618 probris
399 1523 536 1596 obruit?
549 1524 703 1615 Denique
715 1522 891 1613 quomodo
904 1544 943 1594 se
960 1534 1055 1596 amat
1066 1525 1126 1618 qui
1144 1525 1249 1596 Crea-

164 1655 273 1716 torem
298 1666 400 1715 suum
421 1641 515 1713 odit?
535 1643 694 1713 Profecto
714 1644 807 1713 enim
824 1643 883 1736 qui
902 1666 942 1716 se
959 1645 1074 1739 ipsum
1094 1657 1189 1718 amat
1210 1646 1249 1716 il-

164 1770 234 1840 lum
258 1778 351 1838 amet
371 1773 520 1857 oportet,
542 1765 660 1857 quise
681 1764 777 1849 fecit,
798 1788 904 1858 quem
927 1767 956 1838 si
978 1769 1051 1842 odit
1073 1769 1192 1863 utique
1209 1790 1248 1840 se

163 1911 233 1961 non
252 1898 354 1959 amat.
376 1887 497 1978 Neque
516 1909 601 1960 vero
616 1887 650 1958 id
664 1889 698 1957 in
713 1908 751 1958 se
770 1899 917 1971 tantum,
939 1911 1009 1982 quo
1028 1890 1077 1960 nil
1097 1900 1153 1962 est
1169 1915 1250 1985 pro-

165 2009 328 2101 pinquius
349 2007 527 2099 cogitanti,
547 2008 611 2081 sed
629 2009 663 2078 in
685 2007 792 2079 rebus
804 2010 883 2080 aliis
896 2009 1050 2099 cogitare
1062 2013 1250 2101 promptis-

165 2129 292 2202 simum
314 2140 380 2203 cst.
408 2131 494 2215 Quis
522 2130 655 2201 umbris
681 2129 844 2202 arborum
869 2140 906 2203 ει
930 2140 1101 2203 concentu
1128 2127 1248 2202 fidium

165 2254 323 2343 gaudens
338 2254 472 2327 radices
491 2252 564 2324 odit
581 2265 616 2325 et
632 2253 827 2324 citharam?
843 2253 929 2336 Quis
943 2273 1045 2345 aquae
1061 2250 1174 2321 rivum
1193 2251 1248 2322 di-

167 2376 241 2467 ligit
262 2378 365 2448 tontis
386 2376 489 2446 osor?
509 2374 614 2465 Atqui
638 2372 666 2442 si
687 2382 823 2442 amator
849 2371 996 2442 uxorius
1029 2381 1124 2442 tanto
1150 2390 1249 2440 soce-

166 2521 242 2569 rum
263 2509 452 2569 veneratur
477 2498 601 2570 affectu
627 2499 686 2591 qui
714 2498 748 2567 in
775 2495 880 2567 filiam
908 2508 1035 2592 praeter
1060 2515 1186 2565 nomen
1207 2514 1248 2563 ac

166 2630 346 2711 peccatum
367 2619 451 2687 nihii
473 2619 588 2701 habet,
616 2619 701 2711 quid
726 2619 896 2691 debemus
924 2621 995 2689 Deo
1019 2618 1080 2711 qui
1101 2638 1248 2688 uxorem

165 2740 224 2831 qui
243 2736 332 2810 filios
346 2751 381 2812 ει
393 2763 612 2835 quaecunque
625 2764 800 2828 amamus
820 2742 879 2834 qui
893 2740 1045 2835 denique
1066 2762 1130 2812 nos
1144 2750 1250 2833 atque

166 2863 300 2933 unimus
328 2876 475 2948 nostrae,
502 2864 631 2958 quibus
657 2887 721 2936 nos
749 2866 844 2959 ipsos
871 2875 975 2955 atque
997 2864 1064 2934 alia
1085 2860 1251 2953 quaelibet

166 3008 374 3072 amaremus,
388 2988 564 3061 condidit?
577 2989 612 3058 Si
626 2990 754 3061 dentur
769 2987 827 3081 (sic
841 2988 877 3056 in
896 2984 1067 3056 codicibus
1082 2984 1250 3053 Florenti-

167 3112 227 3191 nis,
249 3114 284 3178 io
306 3114 421 3199 quibus
441 3111 566 3203 aliquid
585 3111 692 3180 deesse
712 3112 922 3198 moot'scstum
943 3105 1002 3199 est)
1024 3117 1060 3176 et
1078 3105 1249 3197 intrepide

166 3242 321 3320 repetam
343 3254 490 3301 necesse
505 3242 560 3303 est
578 3254 659 3302 sese
679 3232 804 3313 oderit,
819 3231 902 3320 quia
916 3227 1075 3322 idipsum,
1092 3227 1251 3320 quoddi-

166 3349 304 3431 cebam,
328 3351 431 3420 nimis
452 3374 570 3422 amare
591 3352 710 3422 odisse
731 3362 796 3421 est.
818 3350 945 3422 Contra
969 3350 1076 3421 amati
1103 3353 1249 3423 salutem

167 3484 223 3544 est
247 3471 355 3555 enim,
377 3493 481 3563 quam
507 3483 546 3540 ut
572 3493 675 3542 suum
702 3469 805 3541 finem
833 3470 977 3562 respicit
1001 3492 1109 3542 verus
1135 3493 1248 3555 amor3

168 3598 277 3667 falsus
290 3595 325 3666 in
342 3597 555 3667 contrarium
576 3596 700 3675 fertur,
720 3593 814 3685 quod
833 3614 937 3663 suum
950 3615 991 3664 ac
1003 3593 1181 3687 proprium
1195 3604 1251 3665 est

168 3719 249 3789 odii.
272 3720 414 3789 Possem
435 3738 504 3809 ego
520 3738 660 3810 quoque
680 3726 715 3789 te
736 3738 804 3788 uon
821 3737 987 3810 spernere
1001 3715 1069 3787 nisi
1086 3725 1123 3786 tu
1136 3717 1248 3787 Deum

168 3850 272 3933 atque
293 3840 453 3913 homines
473 3841 695 3933 animamque
715 3849 812 3911 tuam
831 3859 1034 3932 spemares:
1053 3859 1194 3932 possem
1215 3847 1250 3909 te

169 3965 238 4055 pati
259 3964 324 4034 nisi
347 3975 385 4036 tu
405 3962 568 4057 patientia
582 3962 642 4034 diu
659 3966 878 4054 multumque
892 3960 1150 4034 essesabusus.
1164 3961 1250 4032 Pos-

170 4106 243 4157 sem
272 4084 332 4155 tibi
358 4087 472 4159 mitior
497 4084 590 4171 fieri,
617 4085 684 4157 nisi
712 4095 887 4157 tumeam
914 4084 1032 4157 nescio
1061 4105 1104 4154 an
1134 4081 1248 4154 dicam

169 4208 473 4280 mansuetudinem
488 4231 533 4282 un
549 4208 746 4281 facilitatem
765 4228 810 4280 an
828 4206 1005 4280 mollitiem
1024 4207 1131 4278 stulte
1145 4205 1250 4276 simul

172 4343 275 4422 utque
294 4330 395 4420 impie
414 4334 548 4405 calcare
566 4355 634 4405 non
651 4333 800 4414 veritus,
823 4348 923 4400 meos
941 4327 1088 4399 diurnos
1108 4335 1251 4398 noctur·

172 4474 305 4547 nosque
322 4465 421 4525 actus
439 4465 498 4526 tuo
509 4455 635 4528 diurno
647 4476 689 4527 ac
702 4461 872 4525 noetumo
885 4470 954 4521 non
967 4447 1043 4521 ocio
1056 4448 1120 4522 aed
1133 4459 1251 4543 torpo-
1302 4432 1305 4437 ’
