2670 4688
318 293 411 343 ttustt
432 289 721 343 wensinusrttutus.
732 311 772 324 -
782 291 935 344 EPlSTOLd
957 291 989 340 11.
1151 281 1186 341 61

125 432 206 524 cipe,
225 428 319 523 quod
337 428 396 500 tibi
414 430 480 500 sert
500 428 555 498 itte
573 426 629 497 vir
645 427 796 520 optimus
811 427 969 500 militaris
990 429 1193 503 Saceremor

122 563 241 625 noster
261 564 397 624 tuarum
418 573 532 624 rerum
553 570 669 644 praeco
684 552 816 642 iugens,
836 571 1062 646 mearumque
1080 574 1194 625 serre

124 674 256 746 tissime
280 676 466 747 oonscius:
491 681 526 744 et
551 692 781 765 quaecumque
804 670 860 741 his
885 671 1043 745 litterulis
1068 672 1195 747 desunt

114 795 374 870 ,iucundissimo
392 795 616 890 suppleturus
633 793 780 885 eloquio.
798 793 887 864 Vive
904 795 1047 868 feliciter
1059 797 1193 868 etvale.

263 939 422 1011 Mediolani,
437 938 487 995 111.
504 937 643 994 Kalendas
657 937 751 993 Maias.

535 1369 711 1437 uersuum
731 1370 774 1434 111.

204 1542 396 1594 rutuclscus
417 1540 586 1592 vernunst
607 1539 732 1591 CHECCO
752 1537 973 1590 rununwmrtst
994 1538 1020 1588 S.
1042 1537 1069 1587 P.
1092 1537 1121 1585 11.

171 1699 289 1757 Excusat
303 1717 333 1757 so
348 1699 424 1773 quod
437 1699 552 1772 poeticae
565 1699 625 1755 eius
639 1698 762 1770 epistole
775 1698 880 1770 poetico
893 1713 950 1753 uou
965 1697 1147 1769 respondeat,

324 1789 455 1863 quodque
466 1788 587 1861 expetito
600 1788 690 1860 impar
703 1787 738 1843 sit
752 1786 866 1843 terendo
878 1787 988 1842 auxilio.

221 2022 366 2096 Carmen
392 2024 591 2118 egregium,
620 2045 684 2097 nec
715 2024 940 2120 responsione
974 2033 1105 2094 tautum
1135 2019 1199 2092 sed

126 2147 243 2242 petitae
263 2145 340 2244 opis
366 2145 582 2220 exhibitione
601 2146 859 2241 dignissimum,
886 2148 991 2236 longo
1007 2155 1088 2239 post
1113 2152 1199 2216 tem·
1281 2170 1284 2177 ·

124 2288 207 2362 pore
220 2291 325 2360 quam
341 2268 376 2340 id
388 2267 584 2342 excederes
598 2268 674 2363 legi.
690 2269 759 2341 Sed
771 2291 884 2363 neque
898 2267 980 2339 mihi
995 2267 1039 2340 ad
1057 2288 1200 2362 respon-

125 2389 278 2461 dendum
301 2399 355 2459 sat
381 2390 439 2460 otii
460 2402 531 2475 est,
558 2413 672 2482 neque
692 2402 730 2461 ut
749 2393 808 2476 sit,
834 2391 996 2463 iuvenilis
1016 2392 1119 2464 ardor
1142 2390 1200 2460 ille

128 2511 262 2579 Pierius
287 2508 396 2579 solitis
418 2509 549 2580 facibus
570 2512 745 2602 ingenium
763 2512 932 2598 accendit,
955 2515 1011 2585 cui
1028 2513 1095 2585 iam
1117 2510 1201 2583 satis

130 2639 184 2701 est
213 2640 379 2720 congesta
404 2628 579 2720 digerere,
603 2629 705 2721 inque
732 2630 767 2701 id
791 2629 906 2724 ipsum
930 2633 1041 2706 tactus
1066 2640 1122 2704 est
1147 2652 1201 2703 se-

129 2754 251 2846 gnior:
277 2774 390 2846 neque
415 2750 498 2822 mihi
526 2751 611 2824 meis
636 2750 770 2826 viribus
790 2755 942 2827 terendae
965 2758 1041 2849 opis
1066 2756 1201 2829 occasio

127 2878 197 2950 utta
221 2885 285 2949 est.
312 2876 479 2948 Misereor
503 2884 619 2947 tamen
644 2875 739 2947 haud
762 2879 903 2951 nescius
929 2881 1095 2975 scriptum
1120 2901 1201 2953 esse

126 3019 186 3070 cur
204 2999 391 3070 miserearis
404 2999 516 3092 potius
536 3021 635 3089 quum
652 3022 744 3094 opem
763 3004 872 3092 serus:
891 3014 927 3074 at
946 3003 1042 3089 iliud,
1062 3015 1099 3075 ut
1115 3003 1199 3086 dixi,

127 3142 346 3216 nequaquam
369 3119 500 3194 arbitrii
520 3121 589 3194 mei
608 3132 671 3195 est.
694 3123 796 3208 Quod
817 3126 848 3196 si
867 3135 963 3197 esset
983 3135 1043 3197 aut
1061 3118 1199 3207 fniss'et,

127 3244 288 3338 quamvis
317 3246 470 3316 omnium
502 3268 592 3340 quas
622 3247 790 3318 audierim
823 3259 882 3321 aut
911 3249 1066 3340 legerim,
1100 3250 1201 3340 longe

127 3365 354 3452 iustissimas,
384 3390 505 3461 preces
539 3383 617 3441 tuas
650 3370 820 3442 hactenus
851 3381 1098 3467 expectaturus
1132 3392 1200 3441 nou

126 3488 283 3561 fuissem.
306 3489 362 3562 Sic
383 3513 437 3562 me
458 3503 578 3565 vester
598 3515 704 3578 amor,
726 3492 775 3566 sic
792 3495 903 3587 pietas
923 3495 1034 3575 insita,
1057 3493 1108 3563 sio
1125 3494 1200 3585 ipsa

126 3633 243 3684 rerum
265 3610 453 3705 indignitas
471 3615 618 3707 urgebat
638 3617 706 3687 iam
725 3616 805 3688 inde
827 3627 1023 3687 vestrorum
1040 3614 1084 3684 ab
1104 3613 1200 3686 initio

127 3733 299 3818 taborum,
328 3746 366 3807 ut
391 3736 457 3807 hac
483 3740 517 3806 in
543 3747 641 3830 parte
667 3741 777 3808 traeno
803 3737 885 3806 mihi
912 3757 981 3806 non
1006 3735 1198 3808 calcaribus

125 3877 214 3949 opus
231 3869 337 3930 esset.
356 3860 411 3929 Me
432 3858 572 3949 quidem
590 3880 675 3928 vera
696 3861 790 3952 toqui
810 3861 920 3930 Deum
942 3859 1056 3931 omnia
1075 3861 1198 3933 videu-

127 3988 192 4050 tem
213 3981 527 4071 conscientiamque
552 4001 665 4049 meam
685 3991 721 4050 et
740 3980 843 4052 huius
864 3979 1022 4055 fidissimi
1048 3982 1197 4058 hominis

125 4104 324 4176 memoriam
351 4114 468 4177 testor.
502 4102 648 4188 Quando
673 4124 758 4196 ergo
789 4105 881 4198 quod
907 4109 1007 4200 cupio
1033 4117 1194 4200 negatum
