2670 4688
125 248 191 319 llll
464 242 508 317 ou
528 270 630 324 nauus
649 274 874 333 raururaamus

122 426 208 484 rare
241 414 279 476 ut
301 405 435 478 admitti
459 430 581 503 queas.
609 417 708 490 Alius
739 421 829 507 redi,
861 425 929 498 alio
958 423 1092 511 habitu,
1128 429 1213 501 aliis

122 528 255 610 mentis
285 529 478 617 affectibus,
505 537 573 609 atio
606 540 733 633 pedum
767 544 921 632 incessu,
944 549 1010 621 alia
1040 571 1212 623 manuum

121 652 318 739 iactatione,
348 653 421 726 alio·
443 662 596 750 pectoris
623 685 665 735 ac
691 666 842 740 cervicis
869 681 979 767 motu,
1008 672 1076 744 alio
1105 672 1212 745 vocis

123 800 228 863 sonu,
251 775 318 850 alio
337 776 434 850 flexu
458 784 651 876 supercilii,
673 787 741 859 alio
765 791 890 863 frontis
916 804 1013 865 nutu.
1039 795 1135 866 Cave
1160 795 1214 867 nil

123 902 277 979 revolas
293 901 386 975 illius
402 901 497 996 quod
516 913 549 976 te
569 906 612 979 iis
628 908 731 980 etiam
749 910 1011 985 odiosissimum
1031 914 1114 986 tecit
1128 918 1214 1010 qui·

122 1028 192 1101 bus
212 1027 341 1101 isserat
358 1036 481 1100 natura
497 1030 735 1104 carissimum:
751 1033 815 1106 sed
831 1034 866 1105 in
880 1036 1002 1131 primis
1015 1037 1121 1121 illum,
1136 1062 1214 1133 quo

122 1149 323 1246 turpissime
340 1164 469 1235 tumes,
490 1152 618 1226 fastum
640 1165 745 1248 atquo
762 1166 1013 1253 contemptum,
1031 1180 1103 1254 quo
1120 1161 1214 1234 nihil

121 1273 315 1368 indignius,
336 1275 422 1348 nihil
436 1274 629 1350 difformins
644 1279 749 1351 statui
767 1290 826 1352 tuo
842 1290 910 1365 est,
928 1304 1009 1375 quo,
1028 1281 1114 1354 dum
1132 1285 1215 1357 iue-

118 1398 169 1473 rit
186 1398 300 1491 qualis
322 1397 489 1472 hactenus
509 1398 583 1484 tuit,
601 1401 687 1472 nihil
706 1401 872 1474 humilius
889 1402 1004 1488 habet,
1020 1405 1108 1475 nihil
1122 1428 1213 1479 con·

122 1518 349 1617 temptibilius
374 1521 471 1596 orbis
497 1531 611 1595 terrae.
632 1508 749 1596 Tune
776 1523 859 1596 mihi
884 1537 1078 1599 creatorem
1105 1538 1212 1601 tuum

125 1652 330 1741 patremque
350 1647 503 1718 omnium
525 1648 649 1731 Deum,
673 1662 710 1720 tn
729 1670 775 1719 ne
794 1646 952 1720 hominos
969 1649 1095 1721 fratres
1115 1660 1210 1739 auos,

123 1788 186 1841 eos
201 1768 353 1842 maxima
365 1769 424 1864 qui
440 1791 503 1843 nos
516 1781 646 1855 amant,
661 1778 698 1840 tu
712 1769 864 1841 animam
877 1773 1095 1864 salutemque
1111 1782 1213 1847 tuam

124 1910 310 1985 spernens,
329 1892 395 1967 hoc
414 1892 538 1978 maior,
560 1890 628 1965 hoc
644 1892 769 1965 clarior
788 1890 863 1964 fieri
884 1895 1008 1986 putas?
1028 1894 1214 1970 Tumidior

124 2012 224 2099 fise
249 2027 384 2089 tumore
405 2025 522 2087 autern
545 2026 613 2098 tuo,
635 2034 729 2103 rogo,
751 2013 837 2106 quid
858 2034 1011 2106 unquam
1031 2012 1099 2084 nisi
1122 2015 1214 2087 ridi-

121 2140 223 2221 culns
241 2162 321 2212 mus
342 2142 526 2211 nascetur?
545 2137 660 2208 Minus
680 2135 775 2207 dico:
798 2134 942 2208 ridicula
960 2136 1051 2208 enirn
1073 2136 1215 2213 frontes

122 2269 288 2346 atterunt,
309 2262 367 2334 ilia
386 2261 560 2354 quatiunt,
579 2257 676 2330 iocos
702 2266 854 2329 movent.
877 2258 1005 2331 Tumor
1025 2265 1108 2328 tuus
1129 2259 1215 2334 aliis

123 2384 307 2457 ridiculum
328 2386 432 2472 forte,
453 2383 513 2457 tibi
533 2390 650 2456 autem
672 2400 774 2453 veros
795 2381 955 2453 luctuset
972 2391 1117 2452 eternae
1134 2404 1218 2457 ma·

124 2508 244 2581 teriam
262 2509 392 2583 'mortis
414 2508 573 2606 spondet.
593 2504 743 2580 Colubro
762 2506 855 2577 euim
876 2514 990 2577 tumes
1004 2501 1121 2589 flebili,
1137 2528 1216 2581 uon

124 2653 222 2705 mure
242 2631 400 2718 ridiculo,
419 2644 525 2729 atque
543 2635 591 2707 ita
610 2654 690 2704 cum
710 2630 760 2702 sis
776 2637 811 2699 te
832 2627 966 2699 felicem
984 2626 1083 2696 reris.
1102 2625 1215 2704 Coece

122 2756 267 2839 falleris,
279 2778 374 2829 coece
395 2766 468 2830 tota
485 2777 585 2829 erras
602 2756 674 2839 via,
688 2772 793 2835 ooece,
808 2750 960 2840 iuquam,
974 2768 1072 2818 verae
1083 2749 1213 2827 callem

123 2875 245 2968 gloriae
277 2897 346 2947 non
378 2878 491 2962 vides,
519 2875 684 2970 quodque
707 2882 764 2944 est
791 2869 1001 2964 pessimum,
1029 2873 1121 2943 malo
1147 2884 1214 2949 tuo

123 2991 258 3087 gaudes
278 2995 401 3077 miser,
424 3006 552 3087 tuoque
571 2994 745 3066 dedecore
764 2986 939 3080 gloriaris,
960 3010 1023 3061 nec
1043 2989 1213 3085 intelligis

123 3138 194 3210 quo
215 3127 249 3190 tc
267 3136 367 3189 error
392 3115 448 3187 hio
471 3112 594 3200 ducat,
612 3127 648 3186 et
667 3113 723 3183 his
745 3107 900 3181 moribus
927 3113 984 3184 vel
1009 3113 1117 3183 latere
1138 3115 1214 3188 tor-

124 3258 201 3322 san,
223 3241 280 3311 vel
305 3242 442 3334 placere
467 3239 610 3330 iusuper
634 3232 827 3318 credidisti,
849 3243 885 3305 at
909 3234 1000 3306 hanc
1024 3255 1124 3329 spem
1145 3258 1213 3309 va-

124 3361 303 3434 nissimam
324 3385 370 3436 ex
386 3384 444 3433 me
460 3364 570 3433 fateor
586 3357 792 3452 concepisti:
809 3377 852 3428 eo
869 3356 1000 3430 scilicet
1016 3356 1111 3451 quod
1125 3378 1209 3431 suo-

125 3504 202 3552 rum
223 3507 327 3558 nemo
346 3494 442 3558 esset
464 3492 650 3567 amantior,
676 3481 780 3574 quasi
805 3502 892 3552 vero
918 3504 1055 3578 semper
1080 3502 1209 3554 verum

126 3602 172 3674 sit
188 3616 362 3679 amantum
385 3628 480 3680 ooeca
504 3626 585 3679 esse
604 3605 745 3689 iudicia,
768 3614 803 3676 et
827 3626 896 3677 uon
921 3607 1006 3678 illud
1031 3602 1207 3675 interdum

125 3725 260 3808 verius,
294 3730 423 3803 nullius
455 3728 571 3803 auimo
605 3729 767 3800 severius
800 3748 878 3799 esse
909 3728 1073 3801 iudicium
1101 3749 1207 3818 quam

126 3845 289 3914 amantis:
304 3850 354 3920 sic
366 3852 457 3922 enim
471 3859 597 3923 exacta
608 3849 725 3921 omnia
737 3871 758 3920 a
772 3850 846 3920 sois
858 3850 1005 3941 exigunt
1017 3846 1075 3939 qui
1090 3857 1208 3919 amant

127 3975 166 4036 ut
184 3986 278 4060 saepe
304 3968 541 4047 delicatissimi
568 3990 696 4045 sensus
721 3969 873 4043 minimis
899 3970 1003 4041 etiam
1030 3967 1208 4041 offendan-

128 4096 194 4162 tur.
223 4091 274 4164 Tu
301 4092 444 4180 utinam,
469 4116 539 4169 non
563 4094 678 4170 dicam
698 4101 834 4177 exacta,
856 4091 919 4167 aad
938 4088 994 4163 val
1010 4089 1207 4163 communia
