2670 4688
510 342 663 391 eusronn
688 341 758 388 rur.
1101 325 1156 385 tat

85 482 203 551 oculos
225 481 395 552 assueleoi
417 492 456 550 ut
478 502 604 551 novam
636 480 839 572 scripturam
874 481 1162 573 qualemcumque

87 601 270 672 fastidiam.
292 603 404 694 Super
424 601 490 672 hoc
510 601 592 672 nihil
609 601 774 696 amplius.
797 601 892 670 Tuus
920 621 997 673 sum
1028 611 1064 672 et
1095 601 1162 671 La-

88 745 167 814 pum
192 745 307 793 meum
329 721 440 817 lappis
461 722 694 794 tenacissimis
724 723 856 793 amoris
880 720 1030 792 obsitum
1056 723 1164 794 luisse

87 865 179 913 nunc
200 843 327 926 sentio,
350 864 370 912 a
394 863 465 934 quo
485 840 604 913 divelli
625 858 771 934 nequeo.
799 840 856 911 Sic
882 849 915 911 te
942 843 1050 911 semel
1071 863 1166 913 com-

88 967 212 1054 plexus
246 963 360 1034 animo
385 961 550 1034 inhaereo.
580 962 737 1034 Felicitan
758 963 847 1032 vale.

540 1111 747 1182 Franciscus
773 1109 949 1182 Petraccb.
973 1123 1064 1183 tuus.

194 1247 316 1314 Parmae,
333 1253 427 1302 octavo
442 1247 508 1303 Idus
523 1246 643 1303 Ianuarii
658 1247 821 1302 festinanter
834 1248 923 1303 ualde.
977 1232 980 1236 ’

481 1530 658 1595 epistota
680 1531 774 1595 xttt.

208 1706 401 1757 Fuuuctsctts
423 1706 591 1756 uerutuca
613 1706 713 1755 1101110
736 1706 896 1757 PdelENSl
916 1709 942 1757 S.
966 1709 994 1757 Ρ.
1017 1711 1047 1758 0.

90 1835 250 1888 Gratulatur
264 1835 413 1888 adventum
437 1833 508 1900 eius,
533 1839 561 1888 et
584 1833 618 1888 de
633 1833 698 1886 villa
721 1848 773 1886 sua
796 1849 880 1903 quam
907 1833 1031 1889 Linterni
1055 1837 1169 1892 nomine

121 1923 255 1992 designat,
268 1923 392 1992 itemque
407 1921 441 1975 de
455 1921 541 1975 altera
554 1920 626 1974 inter
638 1920 722 1974 colles
736 1919 880 1991 Euganeos
894 1922 1141 1978 nonnulla-innuit.

188 2056 434 2128 Amantissimo
451 2055 553 2127 Medi.
571 2053 757 2125 Perludisti
780 2075 836 2123 nie
862 2066 1005 2150 stupore
1026 2066 1061 2128 et
1082 2078 1168 2148 gau-

89 2180 147 2250 dio
168 2178 251 2248 dum
272 2177 390 2248 audivi
410 2186 443 2246 te
461 2187 531 2248 tam
552 2196 659 2268 prope
674 2195 772 2257 esse,
791 2196 894 2266 quem
917 2177 1020 2266 louge
1042 2175 1170 2293 absen-

90 2312 157 2371 tem
191 2298 419 2369 aestlmabam.
454 2299 498 2367 Et
529 2296 615 2389 quid
649 2296 710 2367 tibi
740 2297 796 2367 vis
824 2296 963 2368 dicam?
993 2292 1087 2371 Mille¹
1111 2310 1170 2372 les

93 2420 256 2489 haberem
279 2418 432 2488 scribere
449 2444 455 2485 :
477 2430 614 2509 tempus
631 2427 726 2487 vetat
743 2429 778 2486 et
795 2438 876 2509 spes
896 2430 929 2489 te
946 2416 992 2489 de
1009 2421 1171 2511 proximo

93 2538 244 2611 videndi.
268 2538 304 2610 Si
324 2537 417 2607 enim
438 2536 601 2627 dominus
628 2539 734 2622 venit,
754 2540 912 2633 utiama
941 2551 1010 2623 est,
1041 2561 1172 2634 sequar

92 2683 172 2732 eum
205 2659 319 2729 statim
350 2658 483 2752 aliquot
514 2658 601 2744 dice,
623 2658 653 2729 si
678 2658 833 2763 dabitur,
857 2662 1063 2752 tranquillos
1089 2686 1170 2736 rure

92 2793 254 2864 acturae,
283 2781 384 2852 cuius
412 2783 656 2874 etymologiam
687 2780 747 2852 tibi
773 2784 962 2854 committo.
993 2783 1069 2875 Ego
1095 2785 1172 2877 qui-

92 2909 170 2979 dem
193 2906 396 2976 Linternum
417 2904 531 2991 dicere
553 2907 665 2991 soleo,
689 2917 830 2996 paratus
858 2908 1029 2978 tamenin
1053 2909 1117 2979 hoc
1139 2919 1172 2979 te

93 3040 130 3099 ut
149 3029 184 3098 in
206 3029 324 3100 multis
346 3028 456 3120 sequi.
479 3029 615 3099 Utinam
638 3050 722 3099 vero
746 3028 804 3098 tibi
824 3050 963 3121 possem
984 3031 1171 3104 ostendere

93 3153 256 3223 Helicona
272 3153 432 3234 alterum,
456 3172 558 3243 quem
579 3151 639 3221 tibi
660 3159 695 3222 et
715 3153 826 3222 Musis
848 3154 1015 3242 Euganeo
1032 3154 1067 3222 in
1085 3155 1172 3224 colle

94 3272 273 3363 congessi!
298 3293 475 3364 nunquam
495 3272 600 3342 credo
625 3272 705 3343 inde
730 3272 841 3343 velles
869 3272 1069 3344 abscedere.
1097 3274 1186 3344 Non·

94 3417 171 3465 sum
194 3416 286 3464 nuno
306 3393 400 3464 aliud
421 3393 587 3477 dicturus,
615 3395 682 3464 nisi
711 3405 748 3464 ut
765 3394 793 3464 si
816 3397 903 3465 lorte
927 3417 981 3466 me
1003 3417 1071 3467 non
1092 3397 1171 3469 viso

94 3517 222 3598 abires,
244 3512 505 3585 recommendes
526 3536 581 3585 me
600 3515 751 3591 dominae
767 3535 853 3586 meae
866 3515 1069 3602 carissimae,
1091 3540 1172 3611 quae

95 3663 162 3710 non
195 3637 317 3710 dubito
336 3638 380 3708 de
400 3658 455 3707 me
476 3638 658 3728 queritur-3
681 3636 745 3709 sed
767 3636 943 3707 Christum
966 3649 1089 3722 testor,
1118 3660 1173 3709 se-

96 3764 220 3850 gnities
234 3774 270 3832 et
285 3760 427 3831 tarditas
441 3758 603 3852 quaedam
618 3760 799 3843 naturalis,
816 3768 851 3829 et
871 3761 973 3830 annis
994 3769 1095 3832 aucta
1118 3784 1173 3833 me

95 3882 237 3967 detinet,
256 3904 323 3952 non
340 3881 485 3951 mutatio
506 3882 661 3951 allectus.
684 3881 768 3951 Vale
790 3882 871 3951 lelix
895 3886 1004 3952 nostri
1026 3905 1170 3955 memor.

662 4084 664 4088 ¹
754 4002 960 4074 Francisous
983 4017 1073 4079 tuus.

204 4123 309 4194 Papiae,
325 4125 360 4179 ad
375 4125 446 4180 Iunii
463 4126 497 4181 ud
514 4141 657 4196 vesperam
673 4125 784 4193 raptim.
