2670 4688
501 313 542 360 ut:
563 312 664 361 REBUS
685 309 907 359 Fanltllltlssus

568 529 748 594 utlsloln
773 530 830 594 llll.

158 685 352 736 rnnucrseus
373 686 542 735 raruauca
562 686 695 736 rourum
715 685 868 736 aruaoro
890 685 1081 735 ouuurmusr
1102 685 1128 735 s.
1147 688 1177 736 r.
1198 689 1230 737 u.

250 810 433 868 Commendat
446 828 613 883 generosum
628 816 832 870 adolescentem
848 820 879 869 ut
893 816 1009 884 gratiam
1023 814 1140 870 Caesaris

601 904 641 959 illi
660 904 795 959 conciliet.

257 1089 359 1173 Quod
380 1111 427 1159 ex
448 1088 535 1158 meis
558 1089 674 1159 multis
696 1089 740 1160 ad
763 1100 795 1159 te
817 1090 939 1160 litteris
961 1091 1152 1181 intelligere
1182 1115 1248 1186 pu

157 1211 267 1293 luisti,
297 1214 462 1301 vulgatus
487 1209 543 1279 hio
569 1209 657 1280 adeo
682 1232 767 1300 erga
795 1232 848 1279 me
876 1223 957 1282 tuus
983 1223 1038 1284 cst
1063 1235 1176 1298 amor,
1207 1227 1248 1286 ut

157 1352 278 1402 omnes
291 1332 502 1423 quicumque
514 1331 694 1401 favoribus
706 1332 775 1401 tuis
788 1343 900 1422 egent,
914 1356 991 1405 meo
1005 1334 1121 1406 itidem
1137 1358 1249 1428 egere

157 1476 196 1526 se
216 1453 419 1524 existiment
438 1452 648 1524 interventu.
671 1454 707 1522 lu
732 1474 886 1545 praescus
913 1477 1122 1542 generosum
1151 1458 1248 1530 huuc

155 1586 274 1646 elsua
301 1574 383 1644 mihi
410 1577 540 1647 virtuto
560 1576 780 1646 carissimum
807 1575 962 1647 ardentis
988 1578 1116 1670 ingenii
1145 1579 1248 1652 iuve-

36 1722 44 1741 1
155 1715 234 1765 uem
256 1696 429 1788 agilisque
455 1695 645 1780 facundiae,
673 1696 732 1788 qui
761 1697 891 1767 missus
912 1718 933 1767 a
955 1710 1078 1789 patruo
1099 1700 1143 1770 ad
1168 1701 1248 1772 Cae-

155 1838 276 1889 sareas
296 1819 405 1911 pedes
418 1820 526 1900 veuit,
547 1818 607 1889 tibi
625 1830 660 1890 et
674 1840 736 1912 per
752 1829 786 1890 te
799 1820 945 1914 principi
963 1823 1247 1894 commendatum

154 1940 257 2032 cupio
276 1940 310 2012 iu
332 1942 375 2013 iis
395 1962 477 2034 quae
497 1941 588 2011 iuste
610 1944 794 2036 optaverit.
814 1943 932 2014 Caesar
945 1945 1087 2036 quidem
1110 1965 1246 2031 amare,

155 2066 197 2151 ui
217 2066 331 2148 fallor,
356 2075 460 2136 totam
483 2064 680 2157 prosapiam
702 2067 793 2137 illam
817 2066 921 2148 solet3
944 2075 981 2135 tu
1005 2065 1174 2137 bonorum
1205 2090 1245 2139 o-

155 2186 286 2255 mnium
301 2186 438 2258 adiutor
450 2197 619 2281 paterque
632 2199 1006 2282 otsusceptorsempcr
1019 2189 1122 2269 fuisti,
1138 2200 1173 2257 et
1188 2191 1249 2263 hic

154 2304 201 2376 nil
223 2308 338 2398 magis
355 2332 460 2402 quam
483 2318 621 2381 tuorum
643 2334 735 2383 uuus
755 2334 836 2383 esse
854 2333 894 2380 ac
911 2309 979 2380 dici
1000 2308 1143 2402 expetit.
1165 2311 1248 2384 Non

153 2440 301 2521 possunt
322 2431 479 2503 homiues
499 2432 651 2504 creando
673 2434 803 2505 similes
829 2434 902 2505 Deo
922 2430 1014 2516 fieri,
1037 2430 1101 2502 sed
1121 2452 1247 2503 amau-

154 2551 214 2636 do,
237 2552 448 2635 adiuvando,
473 2554 704 2641 sublevando,
733 2555 1001 2638 substentaudo‚
1028 2555 1245 2641 miserendo,

154 2676 402 2768 promovendo.
429 2677 598 2747 Praeclarc
622 2678 742 2749 Cicero
762 2679 922 2759 tornines,
947 2676 1075 2766 inquit,
1101 2671 1144 2742 ad
1169 2672 1247 2745 daos

154 2800 248 2869 nullo
267 2819 304 2866 re
320 2800 457 2891 propino
476 2796 634 2867 accedunt
649 2820 749 2886 prtum
778 2800 919 2866 sulutem
952 2794 1139 2864 hominibus
1157 2795 1247 2866 dan·

155 2919 206 2992 clo.
243 2921 329 3006 Quis
366 2943 455 2993 vero
492 2921 690 2991 mortalium
724 2919 862 3013 propior
900 2917 973 2987 Deo
1010 2937 1093 2990 esse
1134 2939 1243 3010 quam

158 3066 315 3119 summus
336 3045 513 3118 hominum
540 3043 658 3113 Caesar
684 3040 813 3111 debet?
832 3039 963 3132 Nempe
989 3040 1050 3131 qui
1078 3040 1244 3112 humanae

157 3182 290 3242 uaturae
306 3167 471 3240 verticem
493 3175 597 3248 tenet,
619 3182 839 3253 consequeus
859 3172 915 3230 est
937 3174 973 3233 ut
995 3164 1178 3254 proximus
1194 3165 1242 3236 sit

159 3294 298 3367 divinae.
319 3293 367 3362 Te
387 3312 471 3361 saue
490 3289 681 3380 proximior
706 3287 825 3355 nullus
850 3297 904 3356 est
930 3286 1080 3356 Caesari:
1103 3287 1159 3356 hic
1179 3308 1244 3357 au-

161 3427 242 3502 tem,
263 3439 326 3513 pro
346 3436 414 3508 quo
434 3433 530 3503 rogo,
553 3410 609 3479 vir
629 3408 823 3479 industrius
850 3421 917 3492 est,
946 3412 1077 3503 quique
1102 3432 1166 3501 ope
1193 3412 1244 3481 fa-

163 3541 217 3614 cili
241 3539 349 3635 possit
373 3534 571 3615 ascendere,
599 3541 634 3604 ct
658 3533 726 3613 cui,
756 3531 784 3599 si
811 3533 948 3604 fortuna
981 3533 1087 3614 adsit,
1117 3543 1243 3605 natura

166 3686 233 3737 uon
251 3662 367 3743 deluit
387 3659 522 3732 iuvenis
548 3667 662 3727 tamen
690 3654 820 3738 adlruc,
843 3655 878 3724 in
904 3678 974 3749 quo
1000 3655 1154 3726 noudum
1185 3667 1244 3726 est

171 3788 262 3882 quod
278 3789 428 3859 futurum
448 3792 510 3854 est.
532 3777 601 3848 Sed
621 3776 706 3870 quid
728 3780 865 3868 loquor,
885 3789 944 3849 aut
961 3779 1016 3846 cui
1039 3779 1184 3868 loquor?
1198 3776 1242 3846 ll-

176 3912 239 3984 lim
255 3926 291 3983 ul
306 3911 477 3982 homiuem
497 3901 635 3985 videris,
657 3901 856 3991 agnoveris,
877 3913 913 3972 et
933 3923 978 3971 au
991 3922 1047 3970 me
1065 3923 1162 3971 amor
1179 3900 1242 3969 lal-

184 4036 231 4105 lan
249 4038 416 4128 intelliges.
434 4030 527 4103 Vale.

662 4174 736 4183 .---
