2670 4688
153 247 212 309 llt
485 259 526 309 nn
548 259 648 308 annus
670 258 891 308 ruminamus

152 396 339 481 obiectant,
362 395 398 466 hi
419 395 549 467 scilicet
567 395 627 487 qui
643 392 726 463 mihi
741 414 891 484 meoque
912 390 1041 462 nomini
1063 390 1233 462 invident.

153 521 241 591 Nam
262 519 327 591 etsi
350 538 560 610 magnopere
582 514 776 587 invidiosus
798 537 866 586 non
888 536 978 596 sum,
1003 524 1118 613 tamen
1139 515 1235 604 quod

154 641 339 737 aliquando
358 662 426 711 non
447 639 597 723 credidi,
618 638 782 731 qnodque
803 660 882 709 sero
898 636 1088 708 admodum
1109 636 1236 708 adrer-

155 765 193 850 ti,
212 773 305 836 certe
325 763 401 834 sine
418 761 545 832 invidis
563 781 632 831 non
651 782 742 832 sum.
756 759 861 853 Atqui
880 772 960 831 ante
977 760 1105 829 multos
1123 779 1236 830 annos

154 887 295 981 qnando
317 885 481 977 equidem
502 885 535 970 ip
557 906 613 955 me
632 884 770 975 magnis
796 879 979 953 affectibus
1006 880 1142 963 licebat,
1165 903 1236 951 non

155 1009 265 1082 verbo
285 1018 346 1080 aut
371 1008 500 1103 scripto
524 1005 694 1099 quolibet,
724 1005 786 1076 sed
812 1006 966 1076 carmine
990 1005 1035 1076 ad
1061 1005 1236 1096 insignem

156 1131 344 1224 quemdam
365 1130 479 1200 virum
495 1129 613 1211 misso,
627 1126 853 1197 conscientiae
871 1125 983 1198 fidens
1001 1125 1155 1219 profiteri
1171 1148 1235 1197 au—

155 1273 333 1337 sussum,
361 1273 417 1322 me
450 1249 533 1318 nihil
560 1248 620 1318 ulli
645 1246 823 1317 hominum
845 1248 1014 1319 inridere.
1041 1247 1111 1320 Sed
1136 1261 1236 1321 estc:

31 1415 36 1421 .
155 1396 224 1446 non
245 1374 311 1445 sim
331 1373 461 1463 dignus
478 1371 532 1441 cui
550 1370 723 1441 credatur.
739 1368 849 1452 Quam
870 1370 1008 1441 tandem
1026 1371 1102 1442 veri
1114 1373 1235 1455 facicm

156 1496 263 1567 habet
283 1504 321 1565 ut
340 1492 513 1563 invideam
536 1492 584 1562 illi
606 1490 666 1583 qui
686 1491 721 1561 in
741 1490 795 1562 his
812 1501 954 1564 aetatem
975 1502 1083 1564 totam
1103 1495 1235 1586 posuit,

156 1616 339 1709 inquibus
373 1633 441 1706 ego
475 1614 537 1684 vix
569 1614 815 1686 adolescentiae
845 1616 965 1685 llorem
999 1615 1238 1708 primitiasque

156 1736 345 1831 posuerim,
382 1745 420 1806 ut
451 1735 547 1827 quod
575 1735 622 1805 illi
652 1733 835 1808 artificium
858 1737 976 1808 nescio
1001 1758 1045 1808 an
1071 1737 1236 1823 unicum,

158 1858 223 1930 sed
243 1860 395 1952 prolecto
416 1878 616 1950 supremum
635 1857 712 1941 luit,
732 1857 815 1929 mihi
834 1859 1056 1951 incusatque
1076 1860 1237 1931 solatium

156 1978 268 2062 luerit,
290 1976 419 2070 ingenii
442 1979 702 2051 rudimentum?
732 1981 819 2065 Quis
841 1980 908 2065 hic,
930 2001 1063 2074 precor,
1094 1980 1240 2054 invidiae

157 2102 278 2189 locus‘l
297 2101 431 2185 Quaeve
452 2103 606 2193 suspicio
627 2106 704 2174 est?
723 2103 809 2174 Nam
827 2103 921 2194 quod
939 2104 1028 2173 inter
1048 2101 1172 2174 landes
1186 2105 1240 2176 di-

158 2222 255 2306 xisti,
276 2224 437 2317 potnisse
462 2224 559 2294 illum
587 2223 617 2294 si
642 2225 815 2297 vomisset
834 2225 902 2297 alio
928 2223 1009 2296 stilo
1037 2224 1106 2310 nti,
1133 2227 1237 2300 credo

161 2345 307 2438 aedepol.
330 2346 457 2437 Magna
478 2345 568 2416 enirn
592 2345 674 2416 mihi
695 2344 740 2417 de
766 2346 905 2437 ingenio
925 2347 1002 2418 eius
1022 2349 1140 2440 opinio
1159 2358 1230 2422 est:

160 2465 316 2558 potuisse
337 2468 429 2538 enim
451 2467 566 2538 omnia
586 2464 715 2559 quihus
736 2467 958 2554 intendisset,
979 2490 1072 2541 nuuc
1090 2491 1138 2542 ex
1163 2471 1238 2565 qni·

161 2588 228 2660 hus
250 2589 437 2663 intenderit
468 2592 580 2684 palam
606 2601 672 2662 est.
694 2591 739 2662 Et
760 2600 838 2663 esto
864 2591 1003 2663 iterum:
1031 2591 1238 2678 intenderit,

159 2711 326 2806 potuerit,
357 2713 568 2807 impleverit3
600 2712 686 2806 quid
718 2712 855 2785 tandem
885 2712 978 2799 ideo,
1005 2737 1132 2808 quaeve
1157 2715 1239 2786 inde

161 2831 245 2902 mihi
266 2831 408 2904 invidiae
430 2845 465 2904 et
485 2855 554 2905 non
573 2834 688 2927 potius
709 2834 828 2925 gaudii
847 2837 1014 2909 materia?
1030 2837 1076 2908 At
1090 2835 1145 2908 cui
1163 2843 1237 2905 tnn-

160 2953 240 3025 dem
262 2952 418 3025 invideat
441 2955 500 3045 qui
523 2954 665 3046 Virgilio
691 2977 759 3026 non
784 2955 937 3028 invidet?
961 2957 1034 3031 Nisi
1058 2958 1145 3029 iorte
1172 2954 1238 3026 sibi

161 3077 328 3148 fullonum
349 3083 385 3146 et
404 3096 600 3167 cauponum
621 3087 657 3147 et
678 3076 880 3149 lanistarum
902 3091 1165 3163 caeterorumve,
1178 3077 1240 3171 qui

162 3220 251 3292 quos
284 3196 582 3277 voluntlaudare
599 3198 807 3292 vituperant,
839 3202 998 3294 plausum
1031 3217 1067 3273 et
1096 3222 1239 3274 raucum

163 3345 321 3394 murmur
341 3318 530 3405 invideam,
552 3320 680 3413 quibus
706 3346 785 3394 cum
813 3321 887 3416 ipso
913 3324 1069 3414 Virgilio,
1091 3343 1241 3416 cumque

162 3447 313 3516 Homero
331 3465 450 3515 carere
467 3465 523 3513 me
542 3446 707 3533 gratulor.
727 3445 814 3515 Novi
833 3445 925 3516 enim
943 3448 1064 3537 quanti
1085 3447 1130 3517 sit
1149 3443 1242 3533 apud

163 3567 285 3639 ductos
312 3566 526 3638 indoctorum
548 3566 638 3635 laus:
660 3568 716 3637 vel
739 3568 804 3637 uisi
826 3578 1036 3638 mantuanus
1062 3558 1242 3636 florentino

163 3691 240 3761 cive
274 3690 358 3760 mihi
392 3691 503 3761 carior
534 3697 590 3759 est
621 3687 831 3770 credendus,
861 3687 956 3780 quod
984 3687 1083 3776 origo
1116 3700 1241 3772 perse

164 3808 286 3900 ipsam,
316 3813 382 3883 nisi
403 3811 488 3904 quid
508 3811 603 3882 aliud
624 3811 825 3895 accesserit,
845 3831 912 3880 non
932 3815 1102 3879 meretur:
1120 3823 1241 3893 quam·

164 3928 218 3998 ris
240 3931 324 4003 illud
343 3956 409 4004 non
425 3932 572 4019 inficier,
591 3935 681 4005 inter
696 3934 828 4004 vicinos
842 3932 1061 4026 potissimum
1076 3924 1240 3997 invidiam

166 4071 323 4140 regnare.
358 4054 427 4127 Sed
461 4057 693 4152 suspicionem
728 4056 817 4126 hanc
847 4064 976 4147 praeter
1009 4050 1128 4132 multa,
1161 4069 1241 4140 qnae
