2670 4688
154 292 210 349 ld.)
492 303 533 352 DE
556 305 656 354 llEBUS
678 306 901 358 untlltltnluus

153 456 304 516 strorum
318 465 443 514 manus
459 447 589 537 exigua
610 470 702 519 nunc
720 447 787 519 sub
807 449 951 534 Arcton,
968 475 1059 523 nunc
1081 452 1147 525 sub
1163 456 1237 527 ltu·

154 578 278 648 strum,
304 569 490 638 nunc·sub
517 570 683 654 orientia,
712 595 805 643 nunc
831 573 898 643 sub
927 573 1124 646 Occidentis
1150 579 1238 648 solis

153 699 325 773 extrema,
348 689 567 783 stupentibus
588 703 624 762 et
649 695 803 765 attonitis
826 695 990 787 gentibus
1012 719 1053 768 ac
1073 698 1236 790 regibus,

153 812 309 884 victricia
336 815 403 884 late
429 813 529 902 signa
556 815 781 900 circumtulit,
818 818 874 888 hic
906 821 1065 891 avaritiae
1097 825 1236 892 frenum

155 935 349 1026 stringens,
371 936 439 1006 illic
459 935 625 1007 tumidam
647 960 810 1032 premens
832 943 1070 1013 insolentiam:
1090 943 1146 1014 hic
1168 945 1239 1014 ira-

156 1059 292 1130 cundiae
323 1060 484 1152 mitigans
520 1070 635 1131 truces
665 1073 796 1146 motus,
819 1062 886 1132 illic
908 1085 1016 1134 saevae
1036 1063 1168 1137 libidini
1183 1065 1239 1136 iu-

156 1205 239 1274 gum
260 1206 410 1276 ponens:
433 1192 607 1275 postremo
625 1183 756 1276 aliquid
778 1182 921 1254 ubilibet
946 1206 1084 1280 semper
1109 1208 1235 1278 agens,

156 1326 227 1399 quo
248 1303 421 1397 magnifici
448 1304 614 1376 transitus
642 1306 793 1396 gloriosa
820 1306 966 1397 vestigia
995 1321 1235 1400 superessent,

83 1510 87 1519 ¹
156 1438 193 1499 et
212 1427 307 1500 orbis
327 1426 402 1520 ipse
422 1427 638 1521 perdomitus
659 1438 764 1519 caput
784 1439 899 1499 tamen
926 1433 983 1501 vel
1010 1439 1238 1503 veneraretur

157 1559 349 1642 acceptum,
365 1551 420 1619 vel
434 1549 579 1620 dilatum
595 1550 731 1621 silentio
745 1551 949 1646 suspiraret.
959 1554 1051 1637 Quot
1066 1554 1235 1625 maiorum

156 1683 355 1743 nostrorum
385 1691 489 1763 opera
515 1672 678 1743 omnibus
705 1674 808 1743 terris
834 1674 1002 1766 effulgent
1025 1678 1123 1747 velut
1148 1677 1237 1747 coelo

158 1813 281 1888 sparsa
301 1792 442 1864 sidera‘l
461 1792 552 1873 Quot
570 1792 704 1866 mirifici
720 1799 844 1867 actus‘l
864 1799 956 1881 Quot
980 1800 1140 1891 exempla
1165 1798 1237 1869 vir-

158 1915 295 1986 tutum?
319 1914 493 1995 Quantum
523 1934 664 1998 nomen,
696 1925 825 2007 quanta
858 1917 1024 1986 memoria
1057 1928 1238 2005 gestarum

160 2033 409 2117 reruleuot
428 2055 492 2126 per
517 2034 636 2106 orbem
666 2035 793 2107 urbes‘l
818 2035 1034 2126 Quantaeque
1067 2037 1240 2105 coloniae?

159 2147 250 2242 Quot
269 2156 425 2248 tropbaea
446 2157 591 2229 minacia
619 2155 781 2226 horrifico
807 2176 980 2226 marmore
1007 2155 1108 2224 victis
1136 2155 1238 2224 terris

159 2281 327 2351 extantia:
340 2278 420 2372 quis
433 2289 558 2350 cuncta
570 2279 785 2361 dinumeret,
797 2294 878 2369 quae
893 2276 1045 2347 mundus
1059 2277 1144 2369 ipse,
1160 2277 1242 2347 licet

159 2402 305 2485 invitus,
341 2403 445 2475 sentit
479 2400 737 2491 indignansque
767 2398 995 2472 recordatur?
1024 2397 1114 2481 Quid
1149 2421 1242 2468 nuuc

160 2523 266 2614 igitur
287 2526 336 2596 rei
352 2528 427 2596 est?
446 2523 537 2608 Quid
556 2520 747 2615 quaeritur?
770 2521 862 2607 Quid
882 2521 1054 2594 defleam?
1074 2519 1165 2605 Quid
1182 2542 1242 2592 ac-

87 2650 94 2659 '
159 2651 305 2717 casem?
324 2649 376 2719 En
398 2668 508 2741 parva
528 2645 734 2745 praedonum
756 2668 881 2717 manus
905 2667 951 2716 ex
979 2646 1072 2714 mille
1097 2645 1240 2715 collecta

161 2766 352 2838 fornicibus
374 2781 542 2839 terrarum
563 2771 717 2838 omnium
738 2766 913 2837 dominam
936 2775 1040 2854 atque
1061 2764 1240 2835 victricem

162 2888 291 2960 ltaliam
312 2897 547 2979 pervagatum
569 2898 605 2956 et
625 2885 880 2979 provinciarum
905 2882 1058 2953 omnium
1085 2885 1240 2975 reginam

166 3009 232 3081 sibi
264 3019 345 3078 ante
375 3007 460 3077 alias
491 3006 688 3097 provincias
722 3003 936 3097 depoposcit.
971 3005 1043 3074 lIeu
1080 3007 1241 3097 quisnam

165 3132 321 3204 consulet
336 3126 462 3222 pudori
481 3134 613 3207 nostro,
631 3123 773 3216 quando
794 3123 860 3193 iam
887 3124 932 3194 de
958 3129 1069 3198 salute
1088 3127 1244 3217 cogitare

167 3277 284 3327 serum
301 3255 378 3324 est‘l
398 3249 483 3333 Quis
505 3245 659 3318 vultibus
676 3247 807 3317 nostris
827 3249 942 3319 velum
957 3249 1244 3321 dissimulationis

167 3391 229 3450 aut
251 3374 455 3469 ignorantiae
479 3370 687 3465 praetendet,
718 3371 859 3462 quando
885 3395 953 3444 non
979 3352 1118 3467 estqui
1142 3374 1244 3444 malis

84 3472 88 3481 ι
168 3500 298 3573 uostris
318 3499 487 3572 auxilium
508 3497 618 3566 terat?
638 3495 756 3565 Liceat
777 3497 898 3567 saltem
920 3499 977 3568 vel
1000 3497 1136 3568 nescire
1162 3517 1244 3591 quae

168 3623 334 3718 patimur,
351 3623 407 3692 vel
422 3619 632 3691 loedissimas
648 3616 826 3689 cicatrices
844 3632 1041 3691 nostrorum
1062 3623 1246 3691 vulnerum

168 3765 237 3816 nou
259 3743 391 3814 videre.
411 3739 576 3813 Volebam
598 3750 629 3810 te
647 3760 748 3810 orare
766 3742 978 3834 suppliciter,
998 3743 1090 3810 ovir
1108 3744 1245 3833 ingene,

170 3888 271 3960 quem
293 3866 473 3937 nominare
494 3887 561 3934 uon
583 3860 710 3944 aude0,
735 3874 772 3933 ut
793 3864 892 3935 uobis
919 3862 1097 3934 dexteram
1125 3867 1246 3950 dares

171 3988 263 4080 quod
285 3999 319 4059 et
340 4007 443 4079 posse
464 3983 657 4068 videbaris,
680 3993 714 4054 et
733 4009 839 4076 quam
862 3984 1012 4055 maxime
1036 3996 1130 4055 tuum
1155 4002 1246 4059 erat:
1310 4044 1317 4054 .

173 4108 248 4193 scd,
272 4121 311 4181 ut
337 4107 451 4192 video,
483 4126 628 4201 prorsus
655 4103 882 4179 obsurduisti.
910 4105 1029 4198 ltaque
1062 4119 1248 4202 postquam
