2670 4688
120 224 159 285 -lu
457 238 499 286 nu
520 238 621 288 nunus
642 237 865 287 riuiuunurus

120 390 156 449 et
181 381 291 447 Deum
318 386 439 459 testor,
464 376 510 449 ad
531 377 779 472 suspirandum
807 399 852 448 ne
876 376 988 448 dicam
1016 376 1207 448 lacriman-

120 500 203 569 dum
226 499 366 589 pronior
387 519 481 582 sum,
499 523 605 593 quam
632 501 677 572 ad
704 501 941 592 loquendum
967 502 1012 571 ita
1038 521 1095 571 me
1121 522 1207 593 per-

123 620 272 691 turbatio
294 632 411 693 vestra
442 622 623 714 perturbat
653 633 689 694 ct
717 622 879 694 concutit.
914 623 1054 714 Loquar
1084 632 1205 693 tamen

123 753 296 837 utcunque
322 745 417 838 quod
442 748 477 816 iu
497 746 615 819 animo
634 758 699 818 est..
721 748 862 818 Possem
890 747 1117 817 sacramentis
1140 767 1205 838 pa-

121 870 236 959 ginam
259 870 425 963 implere:
452 871 516 942 sed
541 871 622 963 quia
649 891 745 966 saepo
772 869 887 940 minus
913 868 1068 940 creditur
1092 870 1206 940 multa

123 990 332 1077 iurantibus
349 993 495 1085 simplici
510 992 621 1064 verbo
640 1015 726 1077 meo,
748 993 777 1063 si
796 1013 933 1063 mereor
949 1002 984 1062 et
1002 992 1031 1061 si
1050 990 1109 1060 tibi
1128 993 1206 1084 pla-

122 1113 240 1194 cuerit,
264 1112 369 1186 fidem
391 1096 504 1186 dabis.
527 1118 715 1210 Nunquam
737 1118 899 1187 Socrates
920 1116 965 1185 de
988 1123 1022 1184 te
1040 1113 1122 1184 mali
1139 1113 1207 1184 ali-

121 1236 206 1327 quid
227 1238 362 1309 locutus
382 1251 457 1310 est:
477 1239 561 1310 milri
574 1240 664 1312 bona
680 1251 794 1312 autem
811 1238 861 1310 sic
874 1240 982 1309 multa
997 1238 1203 1330 saepissime.

122 1359 247 1430 blultas
267 1360 383 1432 adhuc
403 1363 537 1434 litteras
553 1363 673 1454 digitis
695 1363 769 1435 suis
791 1363 951 1456 scriptas,
972 1361 1000 1431 si
1019 1359 1208 1451 diligenter

122 1495 339 1568 excuterem,
359 1485 517 1558 invenire
531 1509 681 1580 possem,
697 1486 731 1556 in
750 1485 877 1578 quibus
890 1482 1111 1578 apertissime
1124 1503 1208 1577 pro-

123 1602 241 1674 fitetur
262 1628 318 1677 me
338 1609 442 1677 alium
464 1612 614 1680 amicum
641 1611 676 1679 in
702 1610 799 1679 curia
817 1628 887 1677 nou
908 1606 1053 1690 habere,
1075 1606 1143 1677 nisi
1172 1615 1208 1679 le

124 1749 248 1799 unum:
269 1731 422 1822 reliquos
443 1732 503 1823 qui
524 1733 654 1802 fuerint
674 1733 731 1800 vel
753 1729 826 1799 vita
846 1731 902 1799 vel
920 1729 1031 1823 patria
1051 1730 1108 1801 vel
1129 1728 1209 1800 olii·

124 1852 177 1922 cio
195 1852 411 1925 decessisse:
427 1867 461 1927 te
474 1863 725 1946 promotorem,
744 1864 777 1924 lo
789 1862 995 1944 perpetuum
1010 1854 1206 1924 adiutorem

32 1983 36 1990 '
123 1989 227 2046 vocat
252 1999 407 2047 mearum
430 1998 571 2046 rorum:
595 1986 629 2045 te
656 1975 766 2044 solum
793 1995 883 2055 esse,
910 1977 1011 2045 euius
1036 1973 1127 2047 fides
1147 1974 1208 2047 illa

124 2098 320 2168 communia
337 2099 503 2192 temporis
530 2107 566 2168 et
587 2097 757 2167 absentiae
777 2096 905 2168 damna
919 2119 988 2167 non
1003 2099 1141 2168 sentiat.
1155 2100 1208 2171 De

26 2199 28 2203 ¹
124 2219 180 2291 his
193 2221 365 2293 ethorum
389 2220 562 2292 similibus
579 2234 614 2291 ct
631 2221 795 2314 antiquas
813 2231 849 2292 cl
869 2241 980 2293 novas
1002 2221 1093 2292 illius
1114 2222 1208 2293 litte-

124 2364 181 2414 ras
203 2342 325 2414 habeo.
348 2345 460 2417 Huius
480 2366 548 2436 ego
570 2345 637 2417 sibi
655 2367 731 2416 sum
752 2343 861 2417 testis.
878 2345 912 2414 Si
927 2343 1065 2415 furcifer
1077 2332 1207 2415 ille'his

124 2466 316 2539 contrarias
334 2469 466 2540 litteras
488 2468 584 2556 vidit,
608 2469 748 2541 nescio:
770 2471 833 2542 sad
858 2469 924 2539 hoc
950 2466 1024 2538 scio
1044 2465 1139 2557 quod
1159 2465 1208 2537 ad

122 2613 179 2662 mo
201 2594 327 2664 litterae
352 2612 422 2663 non
450 2607 631 2667 venerunt.
663 2597 714 2666 Tu
733 2594 874 2688 quidem
894 2593 951 2663 cui
970 2587 1207 2682 potiusfidem

124 2714 256 2785 habeas
277 2737 321 2785 ao
342 2719 537 2788 accusatori
556 2721 644 2789 falso
664 2728 699 2788 et
716 2737 883 2808 nequam,
899 2735 943 2783 an
959 2710 1050 2782 fideli
1064 2721 1100 2782 ot
1116 2732 1208 2783 vero

123 2836 338 2920 excusatori,
359 2837 435 2930 ipse
454 2836 598 2908 videris.
616 2839 726 2931 Spero
742 2848 860 2907 tamen
879 2831 971 2924 apud
987 2842 1021 2904 te
1038 2861 1109 2910 non
1123 2837 1207 2906 ulti-

124 2979 218 3027 mum
243 2958 325 3030 fidei
346 2963 457 3033 locum
480 2960 678 3032 habiturum
699 2980 782 3030 csse
807 2957 997 3050 suspirium
1023 2982 1154 3044 meum,
1182 2984 1205 3035 o

124 3084 362 3156 amantissimo
381 3085 478 3166 Laeli,
501 3084 595 3175 quod
613 3084 673 3154 tibi
690 3104 754 3176 per
773 3092 823 3154 tot
840 3092 951 3153 terras
964 3094 1074 3177 etpor
1088 3084 1203 3156 modia

124 3206 262 3298 Alpium
284 3208 365 3296 iuga
392 3208 467 3301 pios
493 3206 639 3277 affectus
664 3225 762 3275 meos
783 3214 818 3274 et
841 3205 907 3274 has
927 3204 1052 3277 anxias
1079 3230 1120 3278 ac
1146 3229 1204 3279 so

124 3329 236 3399 licitas
254 3351 360 3400 voces
383 3332 522 3422 perfert.
543 3327 674 3400 Audies
697 3350 765 3410 me,
789 3327 835 3397 mi
856 3328 956 3415 Laeli,
979 3339 1014 3400 ot
1031 3329 1098 3401 nisi
1117 3316 1204 3404 inte

124 3452 238 3535 fallor,
257 3452 437 3524 exaudies.
454 3454 549 3543 Rogo
561 3453 683 3543 igitur,
698 3451 856 3536 obsecro,
872 3453 1043 3537 obtestor,
1060 3455 1201 3541 adiuro,

124 3597 187 3666 por
213 3576 373 3646 amicitiae
398 3573 516 3657 iidem,
545 3598 607 3668 per
632 3585 786 3646 mutuam
812 3581 1005 3663 caritatem,
1027 3605 1096 3673 qua
1118 3581 1201 3650 nulli

124 3719 272 3789 usquam
287 3700 413 3770 cedere
425 3698 643 3782 videbamur,
659 3721 721 3791 por
731 3699 899 3791 quidquid
915 3703 1081 3773 internos
1096 3703 1201 3796 pium,

126 3819 416 3905 sanctumfidum,
433 3821 631 3904 iucundum,
642 3821 789 3892 amabile
803 3822 864 3891 luit
877 3845 1038 3914 unquam,
1049 3838 1108 3897 aul
1121 3847 1203 3896 esso

124 3954 252 4033 potest,
275 3946 330 4015 rel
353 3947 381 4014 si
403 3947 465 4017 lior
481 3966 602 4039 parum
617 3957 687 4028 est,
702 3966 763 4039 por
776 3945 978 4016 memoriam
990 3947 1080 4020 illius
1098 3948 1203 4019 modo

125 4067 367 4141 clariosissini
383 4068 482 4139 duris
497 4071 619 4153 nostri,
640 4070 699 4160 qui
716 4069 792 4138 liert
813 4067 857 4133 olr
872 4070 1034 4140 eximiam
1048 4092 1202 4163 veroque
