2670 4688
433 315 526 364 nunna
548 310 936 361 vicesimus-namneti
959 310 998 359 rr.
1222 297 1258 357 ts

181 450 360 526 altitudine
382 448 632 521 distrahentur.
651 446 747 515 Bene
766 446 947 540 provisum
967 456 1021 518 est
1038 455 1077 517 ut
1094 466 1258 517 curarum

179 586 285 670 atque
318 582 459 645 actuum
490 571 722 641 humanorum
751 567 903 639 varietas
931 579 1025 641 tanta
1051 579 1164 653 esset,
1190 590 1261 661 quo

180 721 249 772 non
270 700 383 769 solum
405 695 537 766 maiora
558 687 766 771 minoribus,
783 688 845 759 sed
859 702 895 761 et
916 690 1048 762 minora
1070 691 1260 763 maioribus

142 841 145 846 ·
179 830 385 893 ornamento
403 812 640 908 praesidioque
657 811 737 881 sint.
759 810 836 880 Non
857 832 936 881 sum
959 812 1115 897 nescius,
1133 814 1259 900 amioe,

180 942 226 1014 de
251 941 341 1013 luris
368 936 481 1009 civilis
511 933 629 1006 studio
661 932 781 1005 multis
810 933 894 1003 olim
926 953 1089 1023 magnam
1116 933 1261 1024 gloriam

179 1064 379 1158 quaesitam,
398 1080 440 1131 ea
460 1058 594 1130 soilioet
614 1068 719 1129 aetate
738 1077 809 1150 qua
830 1055 961 1127 iustitia
978 1056 1069 1127 ultro
1087 1053 1133 1126 ab
1150 1055 1262 1127 horni-

180 1184 286 1255 nibus
307 1180 494 1265 colebatur,
518 1181 659 1274 quando
676 1178 769 1274 apud
786 1200 857 1262 eos,
878 1188 916 1249 ut
929 1179 978 1250 ait
990 1176 1187 1262 Sallustius,
1207 1177 1261 1248 ius

182 1306 382 1398 bonumque
415 1326 484 1377 non
517 1304 656 1397 legibus
684 1304 796 1394 magis
821 1325 926 1395 quam
954 1313 1079 1372 natura
1104 1297 1260 1383 valebat3

180 1430 249 1502 etsi
271 1430 338 1500 iam
359 1439 441 1500 lune
461 1446 604 1523 propter
624 1426 792 1498 infinitam
814 1448 932 1498 rerum
951 1424 1193 1496 diversitatem
1213 1425 1262 1494 la·

181 1551 355 1644 bilemque
375 1550 578 1622 memoriam
599 1550 814 1621 necessaria
831 1550 927 1641 leges
948 1558 1078 1630 essent,
1097 1566 1179 1641 quae
1199 1545 1263 1619 ho-

180 1675 235 1747 die
256 1673 301 1745 ad
318 1673 524 1745 frenandam
541 1672 722 1745 audaciam
734 1671 1019 1764 coercendasque
1035 1671 1210 1755 libidines,
1228 1680 1264 1741 et

180 1795 228 1867 ob
247 1793 284 1864 id
309 1795 426 1885 potius
451 1793 547 1886 quod
572 1793 707 1887 absque
732 1794 789 1865 his
814 1814 927 1887 genus
953 1793 1144 1866 humanum
1169 1802 1263 1864 stare

181 1919 315 2011 nequit,
349 1939 454 2011 quam
480 1919 574 2010 quod
601 1918 715 1989 virtus
740 1929 800 1989 aut
833 1919 893 1988 lex
919 1918 988 1992 ulla
1018 1916 1193 2006 diligatur,
1228 1913 1263 1983 in

180 2043 292 2135 pretio
313 2054 406 2114 sunt.
427 2043 560 2113 Harum
578 2041 683 2134 igitur
704 2043 820 2133 legum
839 2038 992 2112 civilium
1015 2048 1212 2132 repertores
1228 2044 1265 2108 et

180 2165 389 2258 interpretes
422 2177 458 2236 et
493 2165 652 2255 magistri
685 2165 784 2236 multi
816 2163 980 2236 diversas
1013 2161 1108 2255 apud
1140 2168 1264 2253 gentes

180 2288 264 2359 clari
285 2286 468 2358 habentur.
487 2290 537 2358 De
558 2287 687 2380 quibus
707 2287 950 2378 scrupulosius
968 2286 1064 2379 loqui
1084 2285 1172 2357 velle
1188 2285 1264 2356 lon·

181 2431 265 2498 gum
286 2418 353 2478 est.
375 2409 614 2480 Clarissimum
636 2411 728 2480 inter
748 2430 870 2481 omnes
891 2431 1017 2481 nomen
1038 2407 1143 2480 habet
1160 2407 1263 2481 Solon

184 2527 450 2595 Atheniensium
470 2528 605 2616 legiler,
627 2529 688 2619 qui
713 2551 794 2599 oum
813 2529 962 2619 patriam
984 2549 1084 2599 suam
1110 2528 1265 2621 philoso-

182 2644 276 2737 phiae
296 2651 400 2736 atque
417 2645 627 2738 eloquentia
644 2656 765 2718 notum
783 2649 911 2718 iontem
931 2646 1099 2719 institutis
1117 2647 1265 2723 salubri·

180 2765 248 2839 hus
268 2767 487 2853 adornasset,
508 2769 574 2840 iam
598 2770 716 2840 senior
732 2789 772 2842 se
791 2767 837 2841 ad
853 2769 1023 2864 poeticam
1042 2773 1265 2847 transtulisse

181 2892 317 2984 legitur.
332 2891 433 2975 Quod
447 2892 475 2962 si
491 2891 614 2964 librato
628 2893 756 2966 iudicio
768 2894 917 2980 fecisset,
935 2907 1104 2990 quantum
1122 2896 1265 2973 detorto

182 3015 299 3087 studio
325 3014 566 3108 praeiudicium
592 3017 787 3110 peperisset
811 3018 897 3092 tanti
927 3020 1117 3095 auotoritas
1141 3021 1262 3095 dosor-

50 3143 54 3151 ’
183 3133 292 3204 toris‘l
324 3133 395 3206 Aut
419 3137 499 3229 quis
529 3138 695 3230 praelerre
719 3151 912 3226 vereretur,
939 3142 1034 3237 quod
1060 3144 1153 3215 illurn
1182 3153 1264 3217 tuno

183 3256 338 3328 maxime
362 3259 561 3350 praetulisse
585 3272 777 3348 constaret,
804 3264 944 3356 quando
971 3263 1035 3335 sibi
1069 3286 1134 3335 noo
1159 3264 1262 3339 animi

184 3379 316 3463 lumen,
336 3402 399 3452 neo
416 3379 587 3457 doctrina
607 3383 759 3470 ubertas,
777 3406 843 3456 neo
863 3407 979 3455 rerum
1001 3387 1137 3477 longior
1154 3408 1263 3487 ‹supo-

184 3501 305 3573 rientia
326 3501 517 3576 defuisset?
542 3506 610 3578 Sed
631 3505 707 3578 fleri
734 3517 862 3598 potest,
891 3526 1005 3598 neque
1031 3506 1133 3579 valdo
1158 3508 1262 3585 dini·

185 3625 265 3696 mile
292 3627 364 3698 veri
390 3627 460 3712 est,
488 3651 557 3700 non
587 3628 844 3720 comparatione
872 3627 1064 3700 studiorum
1091 3632 1181 3717 ullas
1197 3634 1261 3709 uro

183 3745 412 3822 delectatione
420 3752 494 3821 sola
507 3762 543 3819 et
556 3749 788 3839 laborisluga,
800 3770 918 3820 senem
934 3754 1260 3842 praesmutitsimuut

183 3871 298 3943 animo
315 3873 552 3963 indulgentem
568 3891 640 3951 suo,
656 3869 782 3940 durum
799 3882 835 3940 et
852 3893 960 3963 gravo
976 3879 1150 3969 negotium
1167 3874 1260 3953 «tout

183 3997 253 4066 otio
278 4007 513 4090 permutasse,
542 4005 578 4065 ut
603 4014 672 4063 non
707 4002 775 4060 tam
803 3993 883 4067 lrino
905 4002 1063 4099 exemplo
1089 3998 1258 4077 eorrupit

185 4116 369 4190 iuvenibus
389 4127 509 4189 essent
529 4115 563 4184 in
582 4111 792 4208 Reipublicee
811 4116 1013 4215 obsequiu-
1035 4140 1135 4199 rutis.
1153 4138 1256 4216 qm
