2670 4688
186 260 244 320 ili
523 271 564 318 nn
585 270 687 318 mets
708 267 931 317 rammnmts

185 419 307 511 scripsi
342 436 507 508 unquam.
542 416 667 485 velex
687 410 978 505 responsionibus
995 420 1190 494 onustare,
1222 416 1279 484 vel

184 541 231 611 ad
250 562 312 611 eos
331 560 428 609 esse
447 537 577 629 quibus
594 558 650 606 me
666 536 883 606 familiaritas
901 546 998 605 arcta
1014 535 1278 627 coniungeret:

185 684 300 754 neque
334 681 420 732 rem
451 682 507 730 mc
540 660 618 729 aliis
648 658 889 739 audaciorem,
920 677 1034 748 neque
1066 655 1159 725 mibi
1189 656 1278 727 banc

185 784 361 856 scribendi
382 785 570 854 novitatem
591 782 708 851 minus
728 792 928 872 suspectam
953 799 1034 848 esse
1059 800 1177 870 quam
1204 779 1275 850 tibi.

185 908 244 978 llle
263 920 380 978 autem
400 907 485 999 quid
507 916 608 998 putas
627 902 763 994 egerit?
781 902 922 985 Quierit
941 903 1041 980 forte,
1059 911 1099 970 et
1116 901 1276 973 oratioue

187 1051 372 1124 repressus
384 1041 439 1099 est
455 1030 635 1099 meat'imo
648 1023 979 1098 veroaddominum
999 1023 1157 1092 civitatis
1178 1022 1273 1107 adiit,

187 1176 353 1246 magnum
373 1152 478 1222 etiam
499 1150 651 1219 amicum
671 1162 785 1227 tunm,
803 1166 956 1237 eumque
977 1165 1083 1214 mann
1105 1145 1217 1218 duxit
1232 1147 1273 1217 ad

186 1298 301 1346 meam
329 1274 471 1345 domum
492 1270 557 1339 boc
579 1270 736 1360 ingenio.
758 1280 797 1339 ul
816 1278 913 1338 lanto
932 1265 1000 1339 sub
1020 1276 1130 1347 leste,
1158 1267 1272 1339 dicam

186 1399 318 1469 serius.
345 1404 560 1485 praeceptore
604 1413 684 1460 nam
711 1404 745 1461 et
771 1392 848 1483 ipse
867 1402 1072 1483 precaturus
1093 1386 1225 1460 ederet
1241 1400 1273 1459 et

186 1532 266 1588 sunt
299 1524 472 1609 praccepta
505 1534 629 1603 preces
651 1511 871 1605 principum,
898 1533 1028 1601 negare
1054 1511 1106 1580 nil
1132 1511 1271 1605 penitus

185 1636 363 1706 auderem.
399 1634 455 1701 lle
473 1632 616 1723 quidem
641 1634 783 1702 omnino
801 1652 883 1724 qnae
902 1630 1109 1702 molirentur
1130 1632 1267 1724 ignaro,

185 1757 251 1827 suli
284 1767 423 1824 nostros
456 1753 547 1824 inter
577 1754 804 1825 concedimus
830 1753 976 1826 libellos.
1007 1751 1059 1823 lbi
1090 1758 1208 1827 multa
1230 1754 1272 1826 de

186 1876 317 1949 multis,
340 1877 499 1945 ultimum
523 1876 570 1946 de
591 1887 625 1945 tc
644 1877 718 1944 luit.
741 1877 829 1946 Cum
854 1898 942 1948 vero
964 1876 1128 1947 certatim
1154 1886 1194 1949 el
1219 1901 1271 1949 nr·

184 2011 282 2091 geret
314 1999 376 2088 qni
407 2009 577 2089 ceperat.
602 2010 638 2068 et
663 2019 685 2067 a
710 2010 917 2069 transverso
940 1998 1162 2090 improvisus
1188 2002 1271 2071 alter

173 2129 400 2211 crumperet.
423 2140 577 2208 agnosco
597 2118 754 2190 insidias.
780 2119 850 2190 Sed
874 2119 960 2212 qnid
978 2140 1127 2211 agerem
1151 2132 1271 2193 oontm

185 2243 273 2311 tales
297 2241 388 2311 duos
413 2243 531 2310 tanus?
555 2242 654 2310 Tanti
678 2240 866 2311 blanditias
890 2242 994 2312 amici
1012 2241 1271 2337 dominiumque

185 2364 308 2433 frontis
329 2362 467 2455 pondus
486 2365 579 2435 ferre
597 2383 667 2434 non
687 2366 794 2436 salui.
816 2365 916 2434 Cessi
937 2365 1052 2454 igitur,
1073 2374 1186 2459 alque
1206 2365 1271 2438 illis

184 2484 250 2555 bac
270 2486 346 2578 ipsa
368 2487 452 2558 bora
474 2488 603 2580 pariter
623 2487 703 2558 binc
722 2487 908 2580 digressis,
932 2487 1096 2578 promissi
1117 2510 1271 2571 memor,

183 2608 356 2679 talamum
386 2611 516 2703 arripio
548 2614 746 2704 scripturus
778 2610 948 2704 quidqdid
980 2627 1200 2685 occaneret.
1229 2614 1273 2685 At

182 2749 262 2798 cum
285 2730 393 2801 rebus
414 2733 585 2803 obsessus
604 2744 641 2804 ct
659 2755 824 2804 curarum
849 2736 975 2825 plenus
1000 2733 1161 2823 cogitare
1189 2735 1272 2806 nori

183 2850 314 2943 aliquid
346 2876 439 2924 nuuc
471 2878 541 2926 non
566 2877 723 2949 possem,
750 2866 786 2926 et
810 2853 962 2946 idipsum
996 2854 1156 2928 scribere
1187 2858 1273 2930 salis

185 2972 303 3055 balrui,
334 2986 369 3042 ct
400 2977 532 3067 reliqua
558 2977 635 3046 baec
660 3000 731 3068 quo
755 2989 857 3068 gesta
877 2991 958 3047 sunt
979 2977 1116 3061 ordine,
1139 2979 1271 3072 quibos

186 3096 242 3169 bic
260 3095 325 3167 erit
345 3091 438 3165 linis.
456 3097 651 3167 Amicitiam
671 3109 855 3180 tumeam,
875 3110 913 3167 ut
930 3099 1100 3189 intelligo,
1120 3120 1271 3193 parram

186 3217 290 3289 valde
310 3239 397 3299 rem,
418 3216 532 3308 cupis;
554 3219 618 3289 sed
637 3240 710 3310 quo
735 3219 931 3291 modestius
951 3235 1083 3305 sotum,
1105 3245 1151 3295 eo
1171 3224 1271 3296 inbo-

185 3342 317 3413 nostior
340 3353 395 3412 est
423 3342 573 3434 repulsa.
605 3342 773 3413 Precibus
805 3365 893 3433 ergo
925 3347 994 3415 tuis
1030 3343 1173 3418 obviam
1204 3369 1270 3427 eo;

185 3466 303 3556 accipe
323 3462 434 3555 plenis
456 3461 617 3534 manibus
637 3463 732 3555 quod
753 3465 883 3557 petisti,
907 3488 1032 3559 meque
1059 3465 1212 3540 fidenter
1235 3469 1270 3539 in

186 3586 307 3656 amicis
325 3607 484 3667 numera,
502 3587 583 3657 etsi
601 3587 683 3678 quis
700 3587 768 3656 mei
788 3606 874 3655 usus
890 3599 954 3668 est,
974 3598 1088 3659 utere:
1106 3590 1138 3659 si
1151 3592 1272 3662 nullus

184 3718 238 3774 est
260 3708 363 3791 aliuS,
385 3721 422 3780 at
441 3709 564 3779 saltem
586 3729 698 3780 novos
725 3708 817 3778 inter
844 3707 975 3778 amicos
1009 3731 1080 3792 me,
1108 3709 1272 3805 interque

184 3830 253 3895 ceri
275 3829 450 3900 viridioris
468 3831 635 3922 epistolas
656 3828 746 3899 hunc
772 3847 861 3919 pene
885 3829 1043 3899 ultimum
1066 3830 1271 3922 possidebis

184 3948 308 4015 locum.
333 3950 369 4018 ln
392 3962 633 4025 senescentem
656 3970 815 4042 namque,
839 3949 867 4018 si
883 3950 1007 4033 nescis,
1022 3963 1057 4022 et
1070 3954 1221 4025 amicum
1233 3966 1272 4026 et

184 4068 354 4138 calamum
379 4071 541 4145 incidisti.
564 4074 599 4145 Si
619 4073 703 4168 quid
723 4092 816 4144 nunc
836 4070 940 4143 etiam
964 4073 1047 4143 vitae
1068 4087 1193 4162 restat,
1213 4086 1269 4149 est
