2670 4688
264 286 356 335 aman
378 285 917 342 uussruusounnrus.-sarsrohn
940 289 993 337 ιιι.
1111 275 1172 336 lue

91 440 146 503 est
165 440 203 501 ut
219 426 417 500 damnando
438 426 614 520 preterita
635 426 869 517 praesenribus
889 431 1090 512 consulant,
1116 432 1171 501 lu-

92 552 249 641 turisque
268 547 484 641 provideant.
510 545 600 629 Quia
626 558 740 617 tamen
767 547 942 619 interdum
975 552 1171 623 luctuosam

91 673 240 755 animam
257 680 466 749 exonerant,
490 689 559 741 non
579 688 835 760 usquequaque
848 690 988 760 semper
1002 692 1172 765 superra-

89 813 165 865 cuae
181 791 295 862 videri
313 788 454 860 dehent,
476 789 538 859 llis
559 798 597 859 tu
615 811 720 871 nuno,
742 810 879 862 summe
899 789 967 872 vir,
983 790 1173 876 affluis‚ex

90 913 218 1006 quibus
238 913 378 1002 longam
400 910 481 981 licet
499 909 681 1003 epistolam
699 911 870 993 texueris,
898 922 937 985 ut
962 910 1098 1001 longior
1123 925 1173 985 ta·

91 1059 170 1108 men
189 1041 288 1106 esset
306 1033 449 1125 optavi:
470 1033 518 1103 ita
539 1032 625 1103 nihil
645 1031 762 1104 auimo
779 1033 920 1123 longum
943 1035 1091 1117 sentias,
1105 1033 1172 1107 uisi

91 1157 196 1229 taedio
227 1155 402 1226 adiuncto.
434 1153 509 1227 Sed.
536 1164 573 1225 ut
601 1153 668 1226 iam
703 1155 843 1244 singula
876 1177 946 1247 qua
967 1155 1084 1226 visum
1107 1157 1173 1229 erit

90 1276 289 1368 expediam,
325 1296 431 1368 supra
462 1274 606 1347 modum
640 1295 818 1369 supraque
847 1273 953 1347 fidem
985 1276 1174 1349 delectavit

90 1397 242 1467 animum
264 1395 395 1468 sciendi
415 1396 643 1489 discendique
664 1395 808 1469 avidum
828 1397 924 1489 quod
944 1397 1116 1491 scripsisti
1127 1397 1172 1471 de

89 1516 363 1609 praeceptoribus
383 1517 453 1589 tuis
474 1517 555 1588 olim
576 1517 662 1588 mihi
676 1518 805 1608 ignotis
819 1521 945 1605 lateor,
957 1530 993 1591 at
1004 1519 1173 1615 deinoeps

90 1642 173 1711 tanti
197 1641 321 1712 merito
338 1638 500 1732 discipuli
523 1638 710 1711 verendis:
730 1639 777 1711 de
797 1641 944 1732 poeticae
967 1650 1047 1713 ortu
1065 1662 1172 1734 quam

90 1763 294 1853 longissime
312 1761 473 1854 repetito,
494 1761 610 1854 deque
627 1760 881 1833 vetustissimis
901 1783 1082 1836 musarum
1099 1767 1173 1835 cul-

91 1883 223 1954 toribus
242 1884 276 1953 in
296 1882 439 1975 quibus,
454 1892 585 1975 praeter
597 1892 700 1954 notos
721 1884 894 1955 Heliconis
911 1887 1061 1970 accolas,
1083 1883 1173 1957 Cad-

89 2027 199 2089 mum,
221 2004 473 2095 Agenoridem,
498 2016 535 2076 et
568 2006 752 2075 Herculem
773 2003 962 2096 quemdam
986 2006 1102 2077 neseio
1127 2027 1173 2076 an

88 2125 241 2198 alcidem
263 2128 377 2199 loeas:
398 2126 444 2199 de
463 2126 575 2219 patria
601 2126 743 2199 demum
763 2136 837 2209 tua,
861 2124 963 2197 cuius
987 2127 1082 2221 apud
1107 2148 1173 2200 nos

87 2249 287 2342 opinionum
309 2248 421 2321 nubes
442 2252 551 2321 multa
570 2261 661 2333 erat,
685 2270 748 2320 neo
782 2257 821 2320 ut
852 2247 958 2321 video
990 2248 1082 2342 apud
1107 2271 1173 2323 vos

88 2373 197 2441 multa
218 2370 412 2442 serenitas:
433 2370 480 2441 de
499 2370 838 2463 peregrinationibus
852 2371 992 2463 insuper
1005 2371 1172 2445 studiosis

89 2491 124 2560 in
144 2489 358 2562 Phoenioiam
377 2500 483 2580 atque
502 2489 701 2581 Aegyptum
724 2490 782 2560 ubi
804 2502 882 2582 post
904 2502 937 2561 te
953 2491 1086 2583 aliquot
1105 2514 1173 2565 ιω·

88 2610 176 2682 culis
196 2609 407 2703 peregrinati
429 2621 512 2680 sunt
523 2608 720 2700 philosophi
734 2609 888 2679 illustres
901 2621 937 2679 et
953 2611 1171 2705 Pythagoras

88 2743 124 2804 et
141 2733 239 2805 Plato
262 2744 299 2805 et
330 2730 596 2804 Atheniensium
630 2730 767 2822 legiler,
801 2730 964 2822 idemque
998 2731 1171 2805 Pieridum

88 2876 191 2928 serus
202 2844 316 2928 cultor
327 2855 385 2927 ille
398 2854 623 2928 doctissimus
641 2874 753 2925 senex
770 2853 889 2935 Solon,
904 2853 966 2945 qui
979 2853 1051 2939 tibi,
1064 2878 1170 2947 quem

87 2980 211 3051 vivens
221 2977 420 3061 mirahatur,
432 2987 515 3070 puto
525 2983 606 3069 post
616 2974 1049 3051 obitumlamiliarissimus
1058 2981 1170 3051 lactus

88 3101 155 3170 sit:
174 3101 325 3193 denique
343 3100 389 3172 de
411 3111 548 3171 tuorum
564 3119 714 3171 nurnero
734 3098 901 3171 librorum
926 3122 1074 3192 quorum
1095 3120 1171 3173 ma-

88 3242 157 3311 gna
178 3241 258 3310 pars
277 3222 371 3293 italis
388 3220 484 3312 ipsis,
505 3221 629 3291 ricinis
646 3242 688 3292 ae
714 3221 883 3314 proximis
909 3222 987 3304 tuis,
1015 3222 1169 3305 inaudita

87 3352 153 3414 est,
173 3341 260 3413 Nam
282 3341 317 3411 hi
337 3341 477 3413 barbari
498 3341 627 3434 quihus
650 3343 810 3434 utrinque
828 3344 1079 3435 contingimur,
1095 3355 1169 3420 eta

87 3463 215 3558 quihus
233 3483 302 3535 uon
314 3462 403 3554 Alpe
424 3473 556 3536 tantum
578 3487 695 3547 aerea,
718 3464 781 3536 sed
800 3476 870 3538 toto
889 3468 1020 3538 utinam
1037 3471 1171 3561 quoad-
1192 3513 1194 3517 <

89 3607 234 3679 usquam
255 3595 311 3657 est
328 3587 456 3677 pelago
474 3585 637 3659 disiuncti
654 3608 833 3671 essemus,
865 3589 929 3659 vix
960 3611 1029 3662 non
1054 3589 1167 3665 dioam

88 3709 193 3780 lihros
214 3709 279 3781 sed
296 3730 422 3781 nornen
443 3709 654 3782 audiverunt
670 3720 768 3782 tuum
785 3739 792 3782 :
812 3722 851 3782 ιιι
870 3711 1046 3803 intelligas
1058 3736 1170 3806 quan·

88 3835 156 3904 tuta
175 3846 232 3906 est
252 3832 330 3903 haeo
349 3834 442 3904 lama
468 3832 662 3903 mortalium
689 3833 865 3924 adquam
892 3845 987 3905 tanto
1012 3836 1167 3909 anhelitu

87 3955 315 4050 suspiramus.
338 3954 377 4025 lu
395 3954 437 4024 iis
458 3973 546 4025 sane
562 3952 793 4039 tetduloihus
806 3955 1064 4029 amarissimum
1082 3958 1166 4032 illud

84 4075 130 4148 rte
147 4078 300 4170 ipsorum
322 4076 488 4150 librorum
511 4074 652 4149 interitu
671 4074 851 4149 miscuisti.
868 4078 941 4151 Heu
961 4080 1043 4151 mihi
1059 4076 1115 4155 'ter
1128 4095 1161 4154 et
