2670 4688
309 317 401 365 ntnun
424 315 812 365 mensurus—urrerem
836 317 895 364 xiv.
1091 303 1126 362 st

64 453 220 536 cesserit,
243 454 351 523 multo
372 450 431 522 tibi
452 451 585 521 facilius
602 450 704 520 luerit
716 451 914 540 cogitando,
928 473 1033 544 quam
1047 451 1131 521 mihi

61 575 232 668 loquendo
251 575 403 668 assequi.
430 572 485 644 Ad
508 592 680 643 summam
707 572 807 655 scito,
834 595 912 645 cum
938 575 1044 644 multa
1070 594 1132 665 per

61 716 196 768 omnem
219 697 324 767 vitam
348 695 431 766 mihi
453 693 650 787 gratissima
670 695 793 766 leceris
812 715 854 765 ac
873 695 1020 779 dixeris,
1045 696 1132 766 nibil

62 839 108 890 ex
127 819 288 890 omnibus
303 838 455 911 unquam
474 816 608 910 gratius
625 817 750 901 luisse,
764 838 869 911 quam
882 817 977 911 quod
988 817 1131 889 domitis

61 942 240 1014 affectibus
256 943 323 1012 tuis
338 941 571 1032 radicitusque
591 941 783 1024 convulsis,
797 941 941 1011 consilio
954 961 1048 1024 meo,
1062 938 1133 1010 fido

59 1064 156 1150 lioet,
180 1065 332 1159 opinioni
357 1072 473 1135 tamen
497 1074 532 1136 et
559 1060 723 1135 sensibus
751 1062 820 1134 tuis
846 1061 1011 1147 adverso,
1037 1074 1131 1134 tanta

60 1187 165 1259 animi
187 1185 346 1258 facilitate
367 1208 407 1259 ac
427 1189 554 1280 pietate
578 1202 646 1258 tam
669 1185 785 1258 subito
801 1187 962 1282 paruisti,
986 1196 1025 1256 ut
1043 1207 1131 1280 qno-

59 1310 152 1380 niam
172 1318 203 1381 te
219 1329 318 1380 amor
335 1308 494 1402 urgebat,
516 1311 701 1403 nullasque
721 1330 837 1381 moras
858 1310 985 1381 caritas
1011 1309 1130 1391 dabat,

60 1435 184 1504 litteris
204 1433 291 1503 meis
311 1432 375 1503 vix
389 1433 564 1527 perlectis,
579 1451 711 1525 easque
725 1433 820 1526 ipsas
835 1455 939 1505 manu
952 1435 1131 1527 proterens

58 1556 167 1626 nostri
188 1555 339 1627 Socratis
361 1556 395 1625 in
419 1557 618 1646 amplexum
639 1565 744 1646 atquc
768 1557 904 1640 oscula,
931 1557 966 1626 in
993 1557 1050 1628 illo
1075 1577 1131 1627 me

58 1680 161 1750 etiam
174 1680 421 1772 complexurus
434 1673 752 1750 acdeoscnlaturns
764 1652 1132 1773 irrueresmnltisque

59 1810 127 1872 tam
161 1801 291 1873 vestris
314 1800 658 1893 quamadslantium
684 1801 847 1884 lacrimis,
875 1822 955 1896 qum
980 1801 1130 1874 ubertim

57 1942 121 2018 per
148 1933 287 1996 vestros
313 1925 431 1996 oculos
456 1923 501 1995 de
530 1923 618 1995 meis
649 1924 851 2019 praecordiis
882 1923 1128 2018 erumpebant,

57 2046 243 2118 fraternam
263 2048 298 2118 in
318 2047 464 2139 gratiam
485 2046 655 2120 rediretis.
673 2047 773 2119 Nunc
792 2046 876 2141 qnid
893 2045 928 2116 in
947 2057 981 2118 te
998 2034 1148 2139 possim

57 2173 141 2256 scio,
161 2169 256 2265 quod
271 2191 338 2241 nec
357 2172 453 2266 prius
470 2168 688 2262 ignorabam
708 2169 771 2242 sed
786 2170 888 2242 novis
905 2170 1129 2264 experimen·

58 2295 100 2368 tis
116 2307 221 2367 vetus
237 2296 359 2366 notitia
379 2293 526 2366 solidata
543 2303 610 2366 est.
637 2293 801 2385 Agnosco
827 2295 972 2365 Laelium
998 2315 1126 2364 meum.

56 2417 90 2488 ls
107 2429 162 2489 est
182 2436 285 2507 quem
318 2415 675 2509 sperabamz'semper
699 2414 911 2488 detractores
939 2416 1066 2500 oderit,
1093 2426 1130 2487 et

58 2554 152 2628 saepe
172 2534 239 2604 boc
258 2534 429 2626 perditum
454 2545 588 2627 tempus
607 2535 712 2607 flebit.
728 2537 813 2608 Nam
832 2539 1006 2609 Socratem
1019 2540 1128 2608 multo

59 2665 139 2726 ante
151 2675 316 2725 noveram
331 2657 489 2725 lamentis
501 2677 541 2726 ac
554 2656 740 2748 gemitibus
754 2656 1002 2742 tabescentem,
1014 2670 1128 2730 tuum-

56 2794 131 2871 que·
144 2774 327 2848 dissidium
342 2775 426 2849 illud
439 2777 528 2849 inter
539 2778 660 2871 gravia
675 2778 757 2849 vitre
770 2776 897 2850 damna
911 2789 1016 2873 atque
1029 2800 1127 2852 acer-

55 2900 160 2972 rimas
173 2901 322 2972 fortunae
334 2899 479 2973 iniurias
492 2912 743 2976 numerantem.
760 2902 881 2974 Totum
893 2903 954 2997 qui
968 2905 1126 2998 sequitur

52 3023 208 3116 epistolae
226 3031 295 3094 tute
315 3031 449 3094 textum
473 3025 588 3096 sciens
610 3034 759 3097 transeo.
778 3024 890 3097 Credo
907 3028 1035 3110 omnia,
1056 3025 1124 3099 imo

53 3164 139 3216 vero
159 3146 241 3216 scio.
262 3145 350 3217 Novi
368 3143 472 3218 fidem
492 3156 605 3232 tuam,
627 3158 662 3218 et
680 3147 788 3219 curiae
809 3169 924 3219 mores
941 3147 1035 3219 novi.
1055 3149 1124 3221 Sed

52 3286 161 3338 unum
182 3267 366 3340 vicoversa
387 3269 470 3340 mihi
490 3270 586 3342 credi
599 3270 731 3363 flagito,
745 3272 840 3364 quod
856 3294 901 3344 ne
917 3272 1001 3343 mihi
1015 3293 1123 3362 neges

51 3388 178 3460 caritas
198 3387 314 3458 iubet:
348 3388 519 3482 siquidem
541 3415 610 3464 non
631 3392 734 3464 modo
757 3391 913 3466 laborem
935 3395 1030 3466 illum
1048 3416 1122 3465 ma·

52 3532 171 3604 gnum,
190 3519 409 3604 perpetuum,
431 3514 631 3605 inglorium,
655 3515 850 3599 taediosum,
865 3528 900 3587 ct
917 3517 1120 3590 servitutem

51 3635 142 3705 illam
170 3632 347 3704 hominum
371 3633 557 3706 'multorum
584 3639 676 3709 nulla
701 3637 784 3708 mihi
804 3659 850 3709 ex
873 3650 969 3731 parte
985 3640 1122 3731 placen-

52 3757 148 3839 tium,
167 3765 342 3851 postremo
364 3757 620 3828 successionem
642 3760 738 3831 Calvi
760 3760 851 3832 illius
864 3760 1118 3858 Parthenopeii,

50 3876 131 3950 boni
164 3878 315 3951 hominis
340 3879 421 3950 licet
448 3890 483 3949 et
504 3880 644 3965 soliciti,
672 3892 721 3965 et,
750 3895 789 3954 ut
820 3882 936 3956 dicere
968 3885 1117 3970 solebat,

51 4006 150 4076 amici
173 4007 253 4090 mei,
281 4027 344 4078 nec
370 4006 509 4079 litterati
535 4016 649 4078 tamen
674 4027 739 4078 nec
764 4009 907 4081 lamosi:
935 4011 998 4082 sed
1024 4010 1119 4082 rubi-

50 4126 201 4198 cundum
219 4149 356 4220 qunque
375 4129 501 4220 pileum
519 4151 588 4200 non
605 4128 683 4200 dion
700 4128 918 4203 ambiendum
938 4133 1115 4227 precibus,
