2670 4688
527 333 680 384 nrrsrons
702 335 809 384 xuvnr.
1144 323 1201 386 437

132 476 337 569 implevistis
373 475 494 547 officia.
528 478 707 561 Defertur,
732 498 808 562 oro,
834 475 1018 549 demedio
1044 487 1203 551 vestrum

131 600 244 671 civilis
271 597 397 670 furoris
427 620 530 670 omne
563 600 770 691 vestigium:
803 598 1012 685 incendium,
1045 600 1139 695 qnod
1168 603 1204 674 in

131 722 230 792 nobis
252 704 475 817 tyrannorum
497 719 636 793 flatibus
656 732 855 807 exarserat,
877 720 1071 795 liberatoris
1093 726 1203 796 vestri

130 844 271 915 monitis
289 854 324 915 et
342 845 473 916 munita
494 842 737 917 benevolentia
758 843 1008 936 restinguatur.
1025 844 1140 917 Unum
1156 867 1204 918 ex

130 965 291 1040 omnibns
313 951 496 1037 certamen
513 964 697 1050 assumite,
731 987 798 1037 non
825 976 901 1038 uter
925 968 1112 1064 potentior,
1140 969 1203 1041 sed

131 1100 209 1161 uter
225 1089 360 1172 melior,
379 1100 456 1161 nter
473 1089 672 1184 patientior,
690 1098 766 1160 uter
785 1090 906 1184 patriae
923 1090 1095 1163 amantior
1115 1090 1204 1164 civis

131 1214 191 1298 sit,
212 1221 292 1284 uter
315 1213 440 1284 vicinis
461 1211 633 1295 humilior,
655 1223 735 1285 uter
756 1212 913 1308 tyrannis
934 1212 1100 1286 infestior.
1122 1213 1205 1286 Cer·

131 1346 199 1406 tate
226 1335 381 1406 vicissim
409 1357 489 1406 cum
514 1333 666 1406 Tribuno
686 1356 730 1405 an
751 1335 807 1406 ille
826 1335 871 1407 ad
891 1335 1039 1408 honesta
1061 1337 1204 1430 imperia

128 1455 345 1552 prudentior,
368 1479 411 1528 an
433 1478 498 1528 vos
519 1456 563 1529 ad
583 1454 812 1530 obedientiam
835 1458 1088 1553 promptiores;
1113 1469 1147 1531 et
1174 1461 1203 1531 si

127 1581 287 1651 fortassis
320 1603 432 1665 amor,
459 1601 530 1673 quo
563 1580 647 1650 nibil
678 1582 766 1652 solet
784 1600 863 1652 esse
885 1581 1034 1652 validius
1056 1581 1101 1655 ad
1122 1602 1205 1653 con-

128 1703 337 1776 iunctionem
367 1702 573 1786 animorum,
605 1703 778 1774 nonsatis
798 1703 924 1774 virium
942 1703 1059 1789 habet3
1078 1704 1205 1777 habeat

127 1827 320 1898 communis
343 1827 485 1909 utilitas,
504 1836 539 1899 et
557 1826 606 1899 sic
637 1827 776 1899 vinculo
801 1828 884 1898 nexi
902 1827 1034 1901 haerete
1054 1828 1201 1901 invicem

129 1949 307 2034 tenaciter,
335 1961 439 2043 atque
464 1947 619 2043 pacifice,
653 1961 689 2022 et
721 1950 847 2023 tradita
872 1950 973 2022 vobis
1001 1974 1020 2024 a
1047 1951 1204 2044 patribus

127 2075 255 2147 restris
280 2096 350 2147 non
376 2073 443 2146 nisi
470 2075 504 2144 in
530 2073 649 2144 hostes
675 2072 833 2167 publicos
867 2095 964 2145 arma
1000 2074 1201 2146 convertite.

127 2198 256 2270 Horum
288 2198 408 2282 exilio,
431 2207 598 2288 egestate,
626 2193 802 2288 suppliciis
833 2195 967 2268 illorum
993 2195 1101 2268 cineri
1128 2197 1204 2290 pul-

126 2319 318 2392 cherrimas
350 2319 490 2389 inferias
523 2316 617 2388 date.
652 2316 717 2402 Qui
756 2317 832 2390 baec
865 2319 895 2389 si
932 2318 1014 2390 dum
1052 2330 1204 2410 aguntur

127 2442 350 2526 exultabunt,
374 2443 403 2511 si
424 2451 504 2511 ante
526 2438 773 2533 praevidissent
792 2441 1024 2531 aequanimius
1045 2442 1204 2533 expiras-

128 2571 215 2634 sent.
239 2563 308 2634 Sed
329 2563 395 2633 iam
416 2583 543 2632 vereor
563 2583 608 2632 ne
628 2562 708 2655 plus
729 2582 832 2654 aequo
852 2584 919 2634 vos
941 2562 975 2633 in
996 2561 1115 2632 verbis
1142 2563 1203 2635 de-

128 2684 266 2769 tineam,
285 2685 350 2757 hoc
367 2685 563 2777 praesertim
582 2693 748 2777 tempore,
768 2705 838 2776 quo
860 2685 957 2755 factis
979 2686 1094 2778 potius
1114 2706 1202 2780 opus

126 2820 200 2892 est;
226 2827 306 2902 quae
332 2808 496 2901 qnoniam
524 2829 637 2901 neque
667 2807 883 2901 professioni,
912 2830 1025 2901 neque
1054 2809 1202 2881 fortunae

126 2953 213 3003 meae
240 2940 443 3025 suppetunt,
461 2930 556 3023 quod
570 2952 676 3002 unum
691 2930 809 3001 auxilii
826 2951 938 3022 genus
952 2929 1077 3014 habeo,
1093 2929 1202 3002 verba

126 3054 331 3125 transmitto.
364 3052 408 3124 Et
440 3053 552 3146 primo
584 3050 725 3146 quidem
764 3052 968 3124 clarissimis
1002 3051 1202 3124 rumoribus

126 3174 298 3247 excitatus
329 3175 472 3261 invidi„
489 3178 607 3259 fateor,
633 3175 758 3245 honori
790 3187 929 3259 vestro,
958 3177 1203 3266 fortunamque

126 3317 239 3367 meam
266 3296 510 3391 multiplicibus
537 3295 689 3389 querelis
718 3296 876 3379 oneravi,
912 3295 1006 3387 quod
1031 3316 1088 3366 me
1114 3312 1202 3388 prae-

126 3419 235 3492 sentis
257 3420 342 3491 tanti
363 3417 479 3510 gaudii
500 3419 638 3491 fecisset
658 3428 848 3491 exsortem.
872 3417 940 3489 Sed
961 3439 1005 3489 ne
1024 3423 1201 3489 exsortem
1319 3427 1326 3441 ·

124 3542 268 3626 faceret,
293 3541 389 3612 venit
414 3537 457 3611 ad
484 3561 538 3611 me
562 3562 625 3634 per
650 3550 763 3612 terras
784 3549 825 3613 ,et
849 3538 959 3610 maria
985 3559 1064 3609 mea
1088 3537 1200 3608 virilis

125 3665 235 3757 portio
256 3662 396 3734 taetitiae.
419 3662 538 3755 ltaque
563 3664 734 3734 calamum
761 3659 1028 3734 festinabundus
1054 3658 1198 3756 arripui,

125 3797 162 3857 ut
183 3790 217 3858 in
238 3797 333 3859 tanto
355 3795 423 3857 tam
446 3784 573 3857 celebri
594 3785 764 3858 libertatis
781 3784 898 3880 populi
916 3805 1105 3867 consensu,
1128 3805 1200 3854 vox

125 3932 202 3982 mea
233 3911 277 3982 de
309 3910 497 4003 longinquo
523 3911 645 3981 saltem
672 3907 865 3990 audiretur,
894 3909 949 3979 vel
976 3908 1026 3979 sic
1057 3908 1199 3978 Romani

124 4031 211 4102 civis
237 4032 347 4106 officio
372 4035 547 4126 fungerer.
579 4032 749 4104 Caeterum
775 4030 870 4124 quod
903 4030 1019 4103 soluta
1044 4027 1199 4101 oratione

125 4175 216 4226 nunc
242 4158 351 4249 attigi,
378 4158 554 4250 attingam
573 4158 722 4228 fortasse
742 4152 957 4249 propediem,
975 4154 1043 4227 alio
1062 4150 1196 4225 dicendi
