2670 4688
141 202 179 263 Μ
458 210 498 260 DE
519 212 619 261 nanus
640 212 860 263 rttttttsntntts

540 530 715 596 epistota
736 531 769 593 X.

248 715 439 765 rntnctscos
459 717 628 766 ternanos
647 715 744 765 NEMO
766 715 917 765 nonnullo
937 716 964 765 S.
985 719 1014 766 P.
1031 718 1063 767 l).

122 883 252 939 Hortatur
263 890 293 939 ul
306 883 488 939 valetudinem
501 889 594 951 curet,
608 887 758 953 narratque
772 897 903 952 maguum
918 880 1058 937 Ciceronis
1070 884 1205 941 codicem

207 974 236 1030 in
249 975 347 1030 levum
361 992 425 1030 crus
437 990 520 1029 suurn
535 974 621 1028 semel
635 973 790 1043 iterumque
801 972 944 1041 incidisse,
958 977 986 1026 et
998 973 1120 1028 vulnere
1132 974 1202 1029 inde

207 1071 317 1137 accepto
332 1080 361 1119 sc
375 1063 466 1119 adbuc
480 1062 614 1116 laborare.

216 1320 359 1390 Gratum
386 1328 423 1389 ut
448 1319 482 1390 iu
502 1322 602 1391 malis
623 1316 727 1390 habui
755 1315 850 1412 quod
879 1315 923 1388 ad
949 1337 1003 1387 me
1027 1319 1201 1390 convale-

122 1442 263 1514 scentiae
280 1455 351 1512 tuae
372 1441 466 1533 prius
486 1466 591 1534 quam
610 1441 830 1536 aegritudiuis
851 1442 940 1512 lama
967 1439 1102 1531 perlata
1128 1451 1197 1513 est.

121 1566 192 1633 ileo
212 1564 354 1654 gratias,
385 1565 445 1656 qui
470 1566 620 1636 minatur
649 1565 807 1636 crebrius
827 1584 932 1656 quam
957 1562 1051 1645 ferit,
1079 1571 1201 1635 tonat-

120 1706 189 1777 que
209 1682 339 1775 saepius
359 1708 461 1778 quam
483 1687 652 1770 fulminat,
673 1696 709 1757 et
729 1707 824 1779 saepc
849 1706 912 1756 uos
938 1684 1092 1757 concutit
1125 1706 1198 1757 non

123 1815 160 1877 ut
179 1804 332 1891 deiiciat,
354 1807 417 1879 sed
435 1819 472 1879 ut
489 1805 615 1893 firmet,
634 1822 835 1903 nostraeque
852 1806 1059 1880 conditionis
1070 1807 1200 1881 admo-

121 1938 211 1999 neat.
232 1929 365 2002 Nullius
386 1954 537 2024 unquam
554 1934 662 2024 patris
681 1932 790 2024 pietas
813 1940 908 2002 tantu
928 1929 1006 2014 luit,
1027 1950 1113 2022 quae
1135 1954 1198 2026 pe·

122 2050 184 2119 tris
204 2049 325 2121 aeterni
345 2054 466 2122 collata
488 2053 690 2135 clementiae,
713 2073 780 2121 non
802 2053 988 2135 severitas,
1010 2050 1080 2121 imo
1106 2074 1199 2125 vero

120 2171 306 2243 crudelitas
329 2173 514 2246 videretur.
533 2174 629 2245 Hauc
648 2174 704 2244 ille
724 2175 940 2244 clementiam
960 2172 996 2242 in
1015 2173 1118 2244 nobis
1142 2175 1200 2249 iu-

121 2296 218 2386 giter,
233 2305 270 2366 et
282 2316 376 2389 saepe
397 2318 463 2368 non
484 2296 710 2368 sentientibus
727 2295 827 2368 nobis
843 2310 995 2370 exercet.
1014 2299 1124 2373 Cuius
1142 2302 1200 2375 in-

122 2419 293 2491 termissio
313 2419 343 2489 si
376 2422 445 2491 ulla
473 2432 578 2506 esset,
609 2442 672 2493 uos
701 2420 785 2492 nihil
817 2442 991 2493 essemus:
1019 2420 1083 2493 sed
1109 2434 1199 2499 tunc

120 2543 338 2637 conspectius
354 2545 482 2617 eminet
500 2545 639 2640 quando
656 2546 755 2640 gravi
774 2545 936 2638 cuiquam
953 2546 1198 2642 praesentique

120 2667 272 2759 periculo
289 2656 463 2758 eripimur.
481 2671 525 2740 Et
547 2670 702 2755 ubinam,
729 2689 865 2762 quaeso,
889 2666 1093 2740 mortalibus
1119 2694 1195 2745 non

120 2810 228 2879 grave
261 2810 399 2883 semper
433 2811 658 2884 praeseusqne
690 2791 903 2884 periculum?
931 2790 1001 2861 Nec
1033 2813 1195 2884 unquam

119 2924 228 2998 rnrtc,
250 2933 313 2984 nec
333 2911 565 3005 usquamsiuc
578 2913 729 3005 periculo
746 2909 910 2981 vivimus.
924 2912 1001 2983 Etsi
1014 2913 1193 2989 interdum

120 3033 245 3109 ulirubi
277 3033 351 3105 sine
382 3032 524 3127 periculi
557 3034 754 3128 suspicione
776 3034 950 3119 vivamus
973 3056 1035 3127 par
1061 3035 1196 3131 ubique

121 3160 325 3257 perieulum,
346 3177 415 3226 nou
441 3177 502 3249 par
527 3165 650 3226 metus.
677 3155 777 3228 Unde
809 3155 847 3227 fit
879 3166 917 3227 ut
946 3179 1015 3228 non
1049 3179 1194 3254 semper

122 3284 273 3379 punirnlo
290 3280 421 3351 liberati
442 3278 571 3370 gratias
597 3301 756 3371 agamus
783 3280 894 3373 ignari
915 3282 1045 3352 scilicet
1070 3303 1192 3383 rerum

121 3422 154 3481 ol
174 3406 296 3499 tinnuli
312 3404 446 3486 sulutiS,
471 3412 506 3472 ut
522 3402 617 3472 lllaro
634 3403 694 3472 ait:
712 3403 864 3497 alioquin
881 3427 1056 3496 uunquam
1075 3426 1188 3493 meus,

123 3556 296 3627 tittrupnun
319 3530 433 3620 lingua
454 3534 623 3608 cessaret,
651 3548 825 3617 nunquam
858 3537 1019 3600 cessante
1051 3528 1190 3600 miseri-

120 3658 246 3731 «nutu
270 3660 475 3750 llornpresso
495 3661 611 3720 autem
633 3641 726 3719 melu
746 3648 859 3740 aliquo
877 3649 1015 3739 insigni,
1035 3661 1105 3721 turn
1125 3651 1190 3722 de-

123 3806 217 3855 urutu
247 3790 363 3877 prietes
394 3775 544 3869 agimus,
569 3782 640 3842 turn
661 3781 742 3842 vola
767 3773 1011 3863 persolvimus
1031 3775 1096 3845 Pro
1122 3774 1189 3847 hac

123 3932 227 3981 ..tum
242 3920 275 3981 ol
295 3916 329 3977 tu
348 3900 487 3973 trencin
504 3897 640 3991 propria
661 3904 696 3966 et
716 3916 783 3985 ego
806 3895 837 3964 in
859 3895 956 3966 amici
981 3900 1091 3969 salute
1114 3901 1187 3970 voti

139 4060 204 4103 rus
231 4054 324 4109 stetu,
363 4048 428 4098 non
456 4020 606 4119 prolenis
627 4029 786 4090 extorum
809 4017 934 4101 sacris,
969 4017 1031 4089 sed
1056 4016 1188 4092 sacrifi-
