2670 4688
268 352 360 401 tunsa
383 352 918 410 ttcustllusoutuws-ul’lsTutu
946 355 974 401 V.
1093 341 1152 400 2le

72 497 164 567 nium
182 495 292 565 Graeci
310 495 452 592 vocant)
470 494 624 567 llarcum
644 495 851 579 Varronem,
871 497 1020 566 Homero
1036 507 1152 567 autam

73 616 497 707 Virgiliumllemostbeui
510 618 666 688 blancum
678 615 825 687 Tullium
838 613 1153 700 obiecissetausus

70 748 125 808 est
141 736 186 807 ad
199 747 413 832 postremum
432 747 467 808 et
480 736 607 810 ducum
625 738 898 810 controversiam
919 759 1071 824 olorone,
1090 763 1153 812 uec

70 880 150 930 eum
177 858 263 929 tanti
285 862 409 930 saltem
430 859 590 953 discipuli
617 861 798 931 veneratio
819 858 1002 930 continuit:
1030 860 1064 929 in
1086 883 1155 932 uuo

72 1003 157 1052 sane
195 1001 339 1052 suorum
381 979 521 1072 ingenia
555 1000 698 1072 prorsus
733 979 878 1075 imparia
916 1000 984 1051 uon
1015 978 1155 1052 erubuit

70 1100 244 1184 confiteri,
265 1101 486 1195 quodquam
507 1101 567 1174 tibi
592 1124 640 1173 ex
660 1121 764 1195 aequo
790 1102 825 1172 iu
852 1101 1044 1174 moralibus
1065 1121 1156 1196 prae·

72 1223 184 1319 ceptis
203 1223 370 1296 obiiceret
390 1247 459 1296 nou
481 1224 636 1298 baberet.
659 1226 753 1295 Laus
770 1223 894 1316 ingens
916 1247 963 1295 ex
983 1245 1043 1296 ore
1065 1243 1156 1318 prae·

73 1346 192 1418 sertim
228 1344 377 1417 hominis
403 1347 566 1427 animosi,
594 1345 713 1438 etqui
747 1355 870 1416 nostro
902 1346 990 1417 lulio
1022 1346 1153 1417 caesari

73 1490 176 1540 suum
193 1468 432 1540 Alexandrum
449 1467 672 1541 Macedonem
687 1478 934 1562 comparasset.
951 1468 1021 1540 Sed
1038 1469 1156 1539 nescio

72 1591 246 1682 quomodo
259 1591 349 1663 sicut
361 1611 546 1683 corporum
564 1590 614 1661 sic
630 1589 824 1661 animorum
837 1588 998 1682 egregias
1011 1579 1154 1668 formas,

71 1712 185 1806 aliqua
206 1733 304 1807 saepe
321 1712 442 1804 gravis
460 1710 586 1783 iniuria
602 1720 738 1782 uaturae
755 1709 925 1783 variantis
948 1709 1154 1804 insequitur,

71 1833 147 1906 sivo
166 1834 262 1927 quod
281 1834 437 1906 omnium
459 1854 587 1928 pareus
605 1836 850 1930 perlectionem
872 1831 1079 1906 mortalibus
1106 1832 1158 1902 iu-

72 1954 167 2027 videt
189 1956 314 2050 (eoque
334 1955 460 2048 magis,
484 1976 555 2048 quo
575 1954 621 2027 ad
641 1957 734 2028 illam
752 1955 896 2050 propius
915 1954 1079 2026 videntur
1100 1974 1157 2024 ac-

71 2076 222 2171 cedere),
239 2079 315 2150 sive
332 2077 428 2172 quod
445 2079 535 2149 iuter
552 2078 660 2149 multa
677 2076 805 2151 decora
822 2075 1025 2156 deformitas
1041 2077 1156 2147 omnis

70 2213 226 2295 apparet,
248 2211 285 2273 et
300 2201 395 2294 quod
414 2202 448 2272 in
465 2201 616 2274 obscura
634 2201 720 2274 facie
732 2200 841 2279 facilis
855 2221 994 2284 naevus,
1015 2201 1049 2271 iu
1067 2220 1155 2297 prae-

70 2327 163 2397 clara
182 2323 328 2397 cicatrix
348 2323 442 2396 loeda
458 2335 525 2406 est3
545 2333 638 2394 tanta
660 2324 722 2395 lux
740 2323 775 2393 iu
793 2321 900 2394 rebus
918 2321 1093 2415 ambiguis
1108 2345 1155 2393 ex

71 2445 322 2517 contrariorum
349 2443 529 2516 vicinitate
555 2441 742 2513 suboritur.
765 2444 815 2512 Tu
837 2463 935 2525 vero,
957 2444 1156 2516 venerande

73 2566 130 2636 vir
155 2575 191 2634 et
209 2585 362 2646 morum,
391 2563 419 2633 si
445 2563 630 2636 Plutarcho
655 2563 847 2646 credimus,
875 2564 1155 2658 incomparabilis

74 2694 280 2781 praeccptor‚
310 2706 465 2757 errorem
492 2684 576 2757 vitae
603 2695 687 2768 ture,
715 2686 744 2756 si
773 2707 843 2755 non
869 2688 1053 2758 molestum
1087 2699 1152 2769 est,

73 2832 208 2882 mecum
243 2828 465 2901 recognosce.
497 2809 535 2879 ln
560 2808 714 2879 omnium
749 2811 960 2881 saeculorum
987 2790 1155 2881 crudelis-

73 2935 198 3004 simum
224 2932 414 3026 prinoipem
450 2929 617 3015 incidisti,
643 2940 680 3002 et
705 2932 912 3024 tranquillus
942 2942 1049 3006 nauta
1078 2955 1156 3026 pre·

74 3054 171 3126 tiosis
185 3054 358 3127 mercibus
371 3065 532 3128 onustam
554 3055 672 3127 navim
689 3054 735 3127 ad
752 3055 914 3127 infamem
935 3067 971 3126 ot
987 3058 1156 3149 procello-

74 3197 152 3247 sum
174 3179 353 3271 scopulum
371 3177 545 3271 appulisti.
568 3179 638 3249 Cur
658 3187 774 3249 autem
793 3177 861 3248 illic
881 3175 1017 3249 haesisti
1033 3197 1156 3270 quaeso

75 3297 206 3370 tetdo
229 3308 267 3368 ut
282 3299 318 3367 iu
340 3308 547 3391 tempestate
566 3320 694 3392 aspera
719 3297 960 3389 magisterium
985 3297 1156 3392 approba-

74 3422 156 3492 res‘l
181 3419 250 3492 Sed
271 3420 338 3490 boc
361 3441 463 3490 nemo
483 3421 550 3492 nisi
577 3441 700 3492 amens
725 3421 834 3513 eligit3
860 3442 975 3512 neque
1000 3420 1092 3492 enim
1119 3431 1156 3492 ut

72 3542 170 3615 fortis
190 3540 337 3636 perpeti,
360 3543 410 3613 sic
430 3542 612 3634 prudentis
628 3555 687 3623 ,est
706 3552 826 3636 optare
842 3542 1049 3641 periculum:
1072 3543 1154 3635 quin

72 3666 175 3737 etiam
192 3664 220 3735 si
233 3663 340 3735 libera
354 3664 549 3756 prudentiae
565 3666 777 3756 relinquatur
790 3664 924 3748 electio,
939 3648 1155 3739 odorarem-

73 3811 135 3881 per
146 3791 213 3860 erit
224 3787 403 3861 fortitudo:
418 3787 500 3858 nibil
514 3789 605 3860 enim
619 3787 755 3871 incidet,
767 3787 940 3859 adversus
953 3786 1048 3883 qnod
1062 3787 1154 3860 illius

73 3913 241 3984 auxilium
269 3911 523 4007 implorandum
550 3909 604 3980 sit.
632 3906 791 3982 Modesta
816 3909 932 4003 potins
959 3911 1033 3984 suis
1051 3920 1153 3991 utens

73 4027 230 4119 partibus
247 4037 285 4099 et
300 4027 455 4099 laetitiam
468 4024 629 4098 sraeuabit
641 4036 677 4097 et
688 4023 805 4098 votiva
823 4025 1068 4099 moderabitur.
1085 4027 1153 4099 Sed

73 4150 236 4240 quoniam
250 4150 523 4223 innumerabiles
537 4167 641 4222 casus
651 4149 871 4234 eveniunt,et
881 4150 989 4221 multa
1003 4151 1068 4221 lert
1081 4149 1152 4220 vita
