2670 4688
500 288 653 337 nrnsrour
676 288 761 336 rrnr.
1111 274 1172 337 313

89 443 278 513 incolumes
304 440 339 508 in
361 448 457 509 statu
475 457 645 530 prospero
666 435 840 509 custodiat
867 459 909 510 ac
942 440 1082 511 soletur.
1105 438 1170 511 Pa·

86 564 167 636 duae
183 563 225 633 X.
240 559 401 633 Octobris
414 581 493 632 cum
513 558 630 631 labore
645 557 830 652 scriptali.
844 559 879 629 P.
899 570 1020 632 vester
1037 583 1171 634 recom-

87 683 356 757 mendationem.

495 1100 670 1166 EPISTULA
691 1102 762 1165 xlx.

211 1275 405 1343 snilsqlsclls
426 1272 717 1355 Parnanuauonlo
738 1274 898 1325 Plaususl
921 1276 946 1325 S.
970 1277 998 1324 P.
1020 1276 1050 1325 D.

106 1422 252 1476 Demortui
267 1421 368 1476 Aeonis
382 1419 418 1475 de
433 1418 559 1490 Corripio
573 1419 739 1475 memoriam
755 1419 809 1474 sibi
822 1419 996 1477 carissimam
1011 1417 1154 1488 laudibus,

364 1507 485 1563 lacrimis
501 1514 529 1562 et
543 1507 682 1562 desiderio
697 1507 886 1581 prosequitur.

184 1769 259 1839 neu
279 1765 384 1838 minu
408 1765 500 1851 Quin
521 1754 592 1838 noc·
608 1768 688 1838 man
715 1722 840 1840 aaran
866 1767 1057 1860 nonnum,
1079 1764 1174 1838 sun-

88 1903 169 1973 tum‚
186 1890 430 1981 repentinum?
447 1887 719 1971 Quamvisoihil
740 1888 831 1973 mali,
854 1888 940 1961 nihil
955 1889 1093 1984 inopini,
1116 1911 1174 1960 ae-

87 2011 180 2083 cidat
205 2012 372 2105 sapienti:
399 2008 465 2083 sed
485 2010 570 2081 mihi
597 2008 784 2082 acciditur
811 2012 929 2082 multis
955 2011 1173 2102 argumentis
1277 2057 1281 2065 -

87 2136 256 2227 intelligo,
281 2156 326 2207 ex
347 2136 508 2228 plurimis
528 2135 646 2208 adhuc
668 2135 727 2207 uni
752 2136 851 2229 quia,
872 2135 968 2228 quod
989 2133 1093 2207 valde
1114 2155 1175 2239 no—

87 2260 160 2343 lim,
186 2258 303 2331 adhuc
323 2259 436 2352 portio
456 2257 553 2349 vulgi
575 2257 661 2341 sim;
687 2256 789 2331 cuius
811 2268 868 2329 est
894 2279 970 2331 mos
996 2257 1089 2331 bona
1110 2280 1174 2331 sua

86 2379 153 2451 sibi
176 2393 341 2472 perpetua
360 2377 532 2470 polliceri:
557 2388 593 2449 et
617 2379 788 2470 quidquid
820 2381 1049 2453 vehementer
1077 2402 1175 2452 ama·

89 2503 177 2572 verit
197 2501 402 2572 immortale.
431 2501 502 2571 Hoc
528 2519 626 2589 saepe
650 2500 732 2570 olim
767 2499 829 2570 sed
855 2522 1034 2593 nunquam
1060 2503 1174 2592 magis

86 2645 189 2714 quam
211 2621 352 2725 quando
375 2621 492 2693 miuus
509 2618 631 2691 debuit
650 2640 706 2690 me
720 2621 847 2692 lelellit.
861 2621 905 2693 Et
926 2622 992 2692 hen
1008 2624 1014 2690 l
1032 2621 1173 2694 misero.

87 2746 173 2830 Quis
194 2747 252 2817 hic
270 2745 375 2817 animi
398 2743 463 2815 mei
487 2753 616 2827 status,
631 2762 712 2834 quae
726 2742 885 2815 conlusio
902 2764 1034 2827 rerum,
1048 2764 1174 2836 qnaeve

85 2871 300 2965 perplexitas
333 2878 439 2962 atque
476 2866 615 2959 vertigo
653 2875 729 2951 est,
771 2865 913 2959 quando
949 2888 1064 2959 neque
1102 2885 1174 2959 quo

87 2995 259 3084 gaudeam
282 3016 399 3086 quove
421 3014 478 3062 me
503 2991 598 3063 soler
624 2987 753 3076 habeo,
786 3011 900 3084 neque
925 2989 1010 3084 quid
1035 2991 1175 3080 lugeam

85 3115 312 3208 doloremque
332 3138 450 3188 meum
471 3114 601 3208 quibus
622 3137 778 3210 promam
807 3114 926 3186 verbis
952 3113 1118 3186 invenio?
1137 3113 1172 3182 Si

86 3236 201 3307 dicam
221 3238 314 3328 quod
336 3237 465 3309 bonum
484 3235 665 3317 domiuum
686 3236 802 3320 amisi,
824 3236 958 3308 amicus
977 3234 1070 3308 idem
1097 3244 1175 3307 erat

35 3445 38 3452 Ι
87 3357 249 3450 optimus
283 3360 398 3429 Dicam
425 3369 560 3450 patrem
586 3358 746 3451 perdidi?
778 3359 900 3430 Frater
924 3367 1023 3431 erat:
1053 3356 1172 3431 Dicam

86 3487 290 3551 ornamento
317 3478 400 3550 vitae
434 3481 589 3575 spolior‘l
619 3481 664 3552 Et
682 3479 901 3574 praesidium
934 3479 1020 3553 luit:
1054 3479 1172 3553 Dicam

86 3601 316 3675 familiaritate
345 3603 465 3696 privor
500 3603 597 3674 utili?
629 3605 675 3675 Dt
693 3634 694 3638 ¹
714 3603 931 3677 delectabilis
964 3615 998 3675 et
1026 3603 1172 3676 honesta

85 3735 176 3810 erat,
194 3725 427 3819 omnibusque
454 3726 557 3799 simul
581 3748 629 3797 ex
651 3725 768 3799 causis
794 3725 999 3822 appetenda,
1022 3747 1169 3819 quarum

85 3872 236 3944 qumque
257 3872 319 3942 per
336 3870 375 3920 se
402 3871 530 3940 magno
546 3850 731 3921 ,sufficiens
759 3849 804 3919 sit
829 3852 952 3921 amori.
974 3851 1092 3922 Dicam
1113 3871 1171 3921 ra·

86 3995 162 4050 rum
184 3997 340 4046 mearum
363 3994 538 4045 summum
560 3972 697 4043 culmen
718 3969 865 4054 excidit;
882 3973 1171 4067 angularis-qoo-

85 4118 153 4188 qne
174 4096 244 4169 ruit
263 4097 366 4191 lapis
394 4106 430 4168 et
449 4115 622 4189 compago
647 4093 790 4187 optima
819 4095 886 4167 iarn
914 4094 1036 4168 mortis
1060 4093 1169 4168 ariete
