2670 4688
304 466 307 470 »
383 414 608 488 snannsn
652 365 899 486 raranncra

291 645 673 738 crisconii
735 645 994 737 vlnrra.
1074 571 1078 579 ’
1168 746 1183 760 ,

522 889 616 940 LIBER
648 889 761 941 bulcus

562 1083 736 1123 rw·-

533 1551 713 1618 EPISTOLA
734 1553 753 1614 1.

133 1763 326 1813 rnlnclscus
349 1763 518 1814 Pnrnlucl
538 1763 697 1813 LUDOVICO
718 1761 873 1812 GONZAGAE
896 1762 969 1811 DUCl
991 1763 1167 1813 nannulno

584 1862 610 1910 S.
630 1862 657 1909 P.
677 1862 706 1910 D.

105 2050 153 2106 Esl
170 2051 262 2106 littera
280 2051 435 2122 apocrypha
452 2067 469 2105 a
486 2050 636 2106 Possevino
659 2051 732 2106 edila
747 2067 803 2123 qua
816 2050 980 2108 Franciscus
1005 2068 1022 2108 s
1047 2051 1186 2114 Ludouico

181 2141 322 2195 Mantuam
337 2141 423 2196 luisse
438 2141 602 2210 accersitus,
619 2141 767 2213 eidemque
781 2142 883 2213 gratias
898 2141 986 2210 egisse
1002 2140 1112 2197 dicitur.

228 2493 353 2584 Accepi
373 2492 507 2561 litteras
536 2500 629 2573 luas
651 2500 686 2561 el
705 2510 822 2560 coram
849 2489 1059 2583 respondere
1083 2511 1187 2583 quem

105 2615 234 2687 absens
251 2617 448 2695 voluerann
463 2613 526 2684 sed
548 2617 748 2694 senescens,
773 2621 811 2681 ut
834 2611 951 2695 vides,
978 2611 1068 2683 infer
1088 2611 1189 2683 ludos

105 2747 209 2830 alque
236 2736 412 2833 praestigia
438 2736 602 2810 Forlunae
628 2737 737 2807 mulla
760 2733 844 2805 mihi
870 2735 1103 2826 promittentis
1128 2733 1190 2807 ob-

105 2869 298 2954 temperare
320 2880 388 2930 non
407 2881 561 2954 possum.
579 2860 766 2930 Pecuniam
786 2880 866 2929 cum
878 2858 984 2929 Petro
997 2858 1043 2930 de
1064 2859 1191 2932 Cremu

18 3064 20 3068 v
106 2982 261 3054 familiari
288 2993 348 3054 tuo
377 2985 531 3067 remitto,
558 2982 654 3077 quod
680 2981 784 3052 animi
814 2979 992 3054 desiderio
1017 2981 1190 3053 inservire

106 3125 294 3194 nequeam,
317 3128 386 3178 non
405 3117 619 3198 contemplo.
648 3105 746 3176 AElns
773 3105 851 3176 haec
870 3105 1042 3198 profundo
1065 3104 1190 3175 decur-

107 3225 213 3296 rentis
230 3227 298 3296 aevi
317 3239 430 3298 rotatu
447 3227 493 3298 ad
512 3225 616 3299 finem
633 3238 797 3323 properat
812 3243 881 3298 non
900 3226 1069 3310 laborum,
1084 3234 1190 3317 alque

105 3368 148 3417 eo
169 3347 284 3417 minus
314 3350 408 3439 longi
429 3349 563 3420 itineris
584 3350 730 3442 pallens.
753 3349 874 3441 Neque
895 3347 1067 3425 avinione
1087 3344 1188 3418 avelli

106 3470 241 3558 integro
272 3469 396 3561 spiritu
429 3492 571 3562 possum
603 3470 727 3543 infelici
755 3470 885 3541 amoris
913 3470 984 3540 ictu
1017 3480 1055 3540 el
1086 3477 1189 3539 aelale

107 3591 280 3682 fatigatus.
304 3589 339 3658 Si
358 3591 570 3676 accederem,
590 3593 781 3664 oncri'non
803 3593 927 3664 solatio
947 3610 1076 3662 essem.
1102 3589 1190 3660 Num

106 3716 307 3806 frequentes
342 3710 451 3782 morbi
477 3723 513 3784 el
542 3736 672 3785 moernr
699 3712 866 3786 assiduus
895 3716 1050 3786 fomenta
1074 3711 1190 3804 polius

108 3837 296 3927 requirunt,
311 3856 417 3928 quam
436 3836 643 3929 obsequium
659 3837 873 3928 permittunt.
889 3835 926 3905 ln
944 3837 1099 3907 lulurum
1114 3854 1187 3919 ver,

109 3957 136 4027 si
163 3957 404 4030 Columnensis
430 3956 607 4040 annueril,
647 3956 819 4050 bospilem
856 3978 911 4027 me
945 3958 1062 4027 forsan
1092 3952 1189 4027 babi-

109 4089 209 4150 turos
228 4101 277 4151 es.
299 4080 393 4153 Cave
410 4077 578 4152 beneficio
595 4092 630 4152 el
645 4079 757 4170 gratia
779 4077 954 4162 meritum,
975 4090 1080 4172 atquc
1101 4077 1188 4151 adeo
