2670 4688
273 288 365 338 utusu
387 287 552 337 urcusruus
573 287 960 339 saturnus-mmmm
982 291 1012 338 u.
1126 274 1180 337 itt

102 432 172 503 duo
194 431 269 503 haec
290 441 372 501 sunt
391 450 471 523 quae
494 427 596 501 modo
616 427 772 500 aderant.
795 430 846 501 Tu
866 433 894 501 si
921 435 1019 524 ptura
1040 440 1185 505 notave-

103 556 163 635 ris,
186 558 244 626 vel
270 555 346 625 iure
371 564 431 625 tuo
451 552 601 639 corrige,
623 553 680 621 vet
706 573 762 624 me
788 553 999 624 familiariter
1023 553 1183 625 admone.

101 674 181 744 Mihi
196 677 286 747 euim
301 676 350 746 nit
367 675 502 766 gratius
522 682 582 744 aut
600 684 637 743 tu
654 683 755 764 potes
772 683 833 743 aut
845 672 984 744 omuino
1000 674 1183 766 quisquam

102 798 309 880 amicorum,
331 820 438 890 quam
459 797 493 866 in
520 795 849 887 reprehensionibus
877 795 964 866 meis
989 817 1076 867 vere
1100 794 1187 866 ami-

102 940 181 989 cum
206 926 242 988 et
266 917 415 987 liberum
441 939 481 988 ac
506 917 716 1009 intrepidum
743 915 904 987 animum
923 914 1061 986 habere.
1087 916 1187 987 Nulla

102 1061 187 1110 vero
222 1039 288 1110 hac
312 1040 486 1132 acceptior
511 1039 580 1109 nisi
605 1040 680 1110 sola
713 1060 849 1109 morum
880 1047 996 1131 potest
1025 1058 1106 1108 esse
1130 1058 1187 1107 ro·

102 1161 313 1254 prehensio:
335 1161 537 1253 aequissimo
558 1161 673 1232 auimo
694 1171 835 1253 paratus
857 1169 989 1231 sumet
1014 1160 1130 1230 stilum
1153 1168 1189 1230 et

103 1281 212 1350 vitam
241 1303 311 1353 non
338 1291 470 1354 tantum
508 1283 698 1352 amicorum
732 1280 879 1354 vocibus
908 1280 1096 1366 moderari,
1123 1280 1188 1353 sed

104 1403 207 1474 etiam
229 1404 412 1475 latratibus
432 1405 654 1487 aemulorum,
683 1403 715 1473 si
735 1403 839 1474 modo
860 1402 949 1473 inter
974 1401 1117 1473 invidiae
1137 1411 1189 1473 te-

104 1522 231 1595 nebras
253 1526 434 1597 scintillam
456 1525 608 1617 aliquam
626 1523 784 1595 veritatis
806 1523 1014 1616 adspexero.
1037 1525 1089 1595 Tu
1106 1524 1188 1595 vive

103 1646 246 1719 feliciter
266 1648 375 1719 nostri
396 1669 530 1720 memor
549 1656 585 1717 et
605 1647 692 1719 vale.
1165 1642 1169 1655 '

609 1923 687 1931 —-..

527 2171 706 2237 uetsroth
725 2173 769 2237 111.

186 2339 379 2389 suunclscus
400 2335 570 2385 perurunt
590 2335 739 2384 uitueuro
761 2335 960 2386 sennensium
980 2336 1006 2386 S.
1024 2336 1052 2385 Ρ.
1076 2336 1105 2384 Ι).

350 2486 434 2539 Mittit
448 2486 578 2557 espitoIas
592 2485 713 2556 poeticas
726 2487 779 2559 ipsi
792 2486 948 2560 inscriptas.

210 2751 274 2823 Diu
296 2754 511 2845 multumque
530 2750 660 2823 dubius
678 2752 739 2835 sui,
759 2750 908 2823 Barbate
926 2750 1121 2836 carissime,
1148 2773 1193 2824 au

109 2875 274 2969 epistolas
294 2877 456 2947 metricas
478 2877 559 2947 otim
583 2875 643 2947 tihi
664 2875 849 2968 inscriptas
871 2874 1058 2968 aliquando
1080 2874 1192 2948 mitte·

109 3020 192 3082 rem,
207 3021 252 3070 an
268 3021 354 3070 vero
372 2999 626 3094 supprimerem
640 3008 676 3070 et
689 2999 829 3091 penitus
846 2998 1021 3071 obderem.
1036 2996 1193 3069 Alterum

109 3121 284 3193 desiderio
306 3132 374 3204 tuo,
398 3124 545 3194 alterum
569 3126 670 3193 iamae
691 3144 779 3193 meae
800 3101 1074 3193 consentaneum
1095 3116 1195 3188 vide-

111 3243 224 3314 batur.
253 3244 383 3335 Nempe
405 3244 683 3338 expectationem
704 3255 810 3336 atque
831 3242 990 3314 ardorem
1013 3239 1118 3310 animi
1144 3239 1193 3310 tui

111 3361 208 3446 novi,
236 3361 283 3430 uit
310 3362 405 3432 atiud
430 3365 466 3432 iu
492 3363 731 3434 huiuscemodi
763 3360 869 3434 rebus
894 3380 1056 3455 quaerere
1090 3359 1192 3441 sotiti,

111 3486 178 3555 nisi
200 3507 244 3554 an
270 3504 337 3574 ego
363 3483 588 3567 dictaverim
615 3486 716 3556 ouius
741 3486 859 3557 audito
886 3484 1023 3554 nomine
1048 3501 1194 3576 prorsus

111 3609 370 3701 Pythagoreum
387 3605 422 3674 iu
441 3611 573 3679 morem
592 3609 703 3679 locum
723 3609 865 3680 rationis
883 3605 1071 3677 auctoritas
1091 3625 1195 3674 occu-

113 3740 185 3820 pet,
211 3739 262 3814 et,
293 3730 373 3800 velo
398 3727 515 3818 magni
544 3728 672 3799 amoris
703 3728 925 3820 interposito,
956 3723 1071 3795 iudicii
1101 3723 1194 3796 acies

112 3852 376 3941 perstringatur.
404 3849 577 3942 Equidem
603 3850 681 3921 hoec
706 3873 748 3922 ea
773 3853 829 3921 vet
850 3859 953 3920 aetate
981 3852 1035 3920 vet
1060 3848 1194 3921 desidia

114 3973 241 4064 scripta
262 3981 357 4058 sunt,
386 3983 512 4044 utnon
532 3971 630 4043 facile
652 3969 719 4041 sub
743 3973 899 4044 externis
921 3969 1093 4044 iudicibus
1118 3982 1192 4043 tuta

115 4094 203 4176 sint;
219 4117 304 4187 ouae
324 4119 390 4188 ego
411 4097 486 4191 ipse
505 4094 588 4167 duru
611 4097 730 4184 retego
755 4097 789 4167 iu
811 4096 901 4169 ittius
929 4095 1093 4188 temporis
1118 4116 1188 4166 me-
