<?xml version="1.0" encoding="UTF-8"?>
<!DOCTYPE html PUBLIC "-//W3C//DTD XHTML 1.0 Transitional//EN"
    "http://www.w3.org/TR/xhtml1/DTD/xhtml1-transitional.dtd">
<html xmlns="http://www.w3.org/1999/xhtml" xml:lang="en" lang="en">
 <head>
  <title>
</title>
<meta http-equiv="Content-Type" content="text/html;charset=utf-8" />
  <meta name='ocr-system' content='tesseract 3.04.00' />
  <meta name='ocr-capabilities' content='ocr_page ocr_carea ocr_par ocr_line ocrx_word'/>
</head>
<body>
  <div class='ocr_page' id='page_1' title='image "./epistolaederebu01fracgoog_0480.png"; bbox 0 0 2670 4688; ppageno 0'>
   <div class='ocr_carea' id='block_1_1' title="bbox 547 269 1247 378">
    <p class='ocr_par' dir='ltr' id='par_1_1' title="bbox 547 269 1247 378">
     <span class='ocr_line' id='line_1_1' title="bbox 547 269 1247 378; baseline 0.001 -50"><span class='ocrx_word' id='word_1_1' title='bbox 547 280 701 330; x_wconf 72' lang='lat' dir='ltr'>usurum</span> <span class='ocrx_word' id='word_1_2' title='bbox 723 281 809 330; x_wconf 80' lang='lat' dir='ltr'>cxiv.</span> <span class='ocrx_word' id='word_1_3' title='bbox 1145 269 1201 330; x_wconf 80' lang='lat' dir='ltr'>tul</span> <span class='ocrx_word' id='word_1_4' title='bbox 1237 356 1247 378; x_wconf 41' lang='lat'><strong>·</strong></span> 
     </span>
    </p>
   </div>
   <div class='ocr_carea' id='block_1_2' title="bbox 122 421 1204 4080">
    <p class='ocr_par' dir='ltr' id='par_1_2' title="bbox 122 421 1204 4080">
     <span class='ocr_line' id='line_1_2' title="bbox 131 421 1203 517; baseline 0.003 -24"><span class='ocrx_word' id='word_1_5' title='bbox 131 426 247 517; x_wconf 87' lang='lat' dir='ltr'>itaque</span> <span class='ocrx_word' id='word_1_6' title='bbox 267 422 361 516; x_wconf 92' lang='lat' dir='ltr'>quod</span> <span class='ocrx_word' id='word_1_7' title='bbox 377 421 482 495; x_wconf 87' lang='lat' dir='ltr'>babet</span> <span class='ocrx_word' id='word_1_8' title='bbox 503 433 619 514; x_wconf 89' lang='lat' dir='ltr'>sperat</span> <span class='ocrx_word' id='word_1_9' title='bbox 640 445 752 494; x_wconf 92' lang='lat' dir='ltr'>nemo.</span> <span class='ocrx_word' id='word_1_10' title='bbox 775 423 825 494; x_wconf 89' lang='lat' dir='ltr'>Tu</span> <span class='ocrx_word' id='word_1_11' title='bbox 846 423 986 515; x_wconf 92' lang='lat' dir='ltr'>quidem</span> <span class='ocrx_word' id='word_1_12' title='bbox 1008 426 1108 517; x_wconf 92' lang='lat' dir='ltr'>pleno</span> <span class='ocrx_word' id='word_1_13' title='bbox 1128 425 1203 496; x_wconf 87' lang='lat' dir='ltr'>iure</span> 
     </span>
     <span class='ocr_line' id='line_1_3' title="bbox 131 544 1201 638; baseline 0.003 -22"><span class='ocrx_word' id='word_1_14' title='bbox 131 547 284 619; x_wconf 89' lang='lat' dir='ltr'>animum</span> <span class='ocrx_word' id='word_1_15' title='bbox 304 568 421 617; x_wconf 93' lang='lat' dir='ltr'>meum</span> <span class='ocrx_word' id='word_1_16' title='bbox 447 544 572 628; x_wconf 65' lang='lat' dir='ltr'>haben</span> <span class='ocrx_word' id='word_1_17' title='bbox 598 545 809 638; x_wconf 84' lang='lat' dir='ltr'>ubicumque</span> <span class='ocrx_word' id='word_1_18' title='bbox 830 545 894 616; x_wconf 91' lang='lat' dir='ltr'>sim</span> <span class='ocrx_word' id='word_1_19' title='bbox 917 547 973 617; x_wconf 91' lang='lat' dir='ltr'>ille</span> <span class='ocrx_word' id='word_1_20' title='bbox 1000 559 1114 618; x_wconf 84' lang='lat' dir='ltr'>tecum</span> <span class='ocrx_word' id='word_1_21' title='bbox 1131 558 1201 631; x_wconf 88' lang='lat' dir='ltr'>est,</span> 
     </span>
     <span class='ocr_line' id='line_1_4' title="bbox 130 644 1201 760; baseline 0.001 -21"><span class='ocrx_word' id='word_1_22' title='bbox 130 690 233 759; x_wconf 89' lang='lat' dir='ltr'>quem</span> <span class='ocrx_word' id='word_1_23' title='bbox 250 667 308 739; x_wconf 91' lang='lat' dir='ltr'>tibi</span> <span class='ocrx_word' id='word_1_24' title='bbox 324 666 467 760; x_wconf 88' lang='lat' dir='ltr'>pulchra</span> <span class='ocrx_word' id='word_1_25' title='bbox 480 665 714 757; x_wconf 80' lang='lat' dir='ltr'>negotiatione</span> <span class='ocrx_word' id='word_1_26' title='bbox 727 676 902 739; x_wconf 90' lang='lat' dir='ltr'>mercatus</span> <span class='ocrx_word' id='word_1_27' title='bbox 912 689 962 739; x_wconf 91' lang='lat' dir='ltr'>es.</span> <span class='ocrx_word' id='word_1_28' title='bbox 972 644 1094 750; x_wconf 85' lang='lat' dir='ltr'>Pietas,</span> <span class='ocrx_word' id='word_1_29' title='bbox 1104 665 1201 752; x_wconf 87' lang='lat' dir='ltr'>fides,</span> 
     </span>
     <span class='ocr_line' id='line_1_5' title="bbox 130 788 1204 881; baseline 0.001 -23"><span class='ocrx_word' id='word_1_30' title='bbox 130 788 338 872; x_wconf 88' lang='lat' dir='ltr'>humanitas,</span> <span class='ocrx_word' id='word_1_31' title='bbox 361 788 540 881; x_wconf 81' lang='lat' dir='ltr'><strong>sapientia,</strong></span> <span class='ocrx_word' id='word_1_32' title='bbox 562 789 769 881; x_wconf 82' lang='lat' dir='ltr'>eloquentia,</span> <span class='ocrx_word' id='word_1_33' title='bbox 791 789 984 862; x_wconf 91' lang='lat' dir='ltr'>litterarum</span> <span class='ocrx_word' id='word_1_34' title='bbox 997 810 1102 872; x_wconf 92' lang='lat' dir='ltr'>amor,</span> <span class='ocrx_word' id='word_1_35' title='bbox 1115 790 1204 860; x_wconf 90' lang='lat' dir='ltr'>cari-</span> 
     </span>
     <span class='ocr_line' id='line_1_6' title="bbox 132 911 1203 1004; baseline -0.002 -21"><span class='ocrx_word' id='word_1_36' title='bbox 132 922 185 983; x_wconf 92' lang='lat' dir='ltr'>tas</span> <span class='ocrx_word' id='word_1_37' title='bbox 215 911 291 994; x_wconf 91' lang='lat' dir='ltr'>mei,</span> <span class='ocrx_word' id='word_1_38' title='bbox 313 912 531 983; x_wconf 87' lang='lat' dir='ltr'>conversatio</span> <span class='ocrx_word' id='word_1_39' title='bbox 553 912 685 996; x_wconf 81' lang='lat' dir='ltr'>suavis,</span> <span class='ocrx_word' id='word_1_40' title='bbox 707 922 743 983; x_wconf 91' lang='lat' dir='ltr'>et</span> <span class='ocrx_word' id='word_1_41' title='bbox 763 924 903 986; x_wconf 87' lang='lat' dir='ltr'>servata</span> <span class='ocrx_word' id='word_1_42' title='bbox 922 912 1089 1004; x_wconf 78' lang='lat' dir='ltr'>dignitate</span> <span class='ocrx_word' id='word_1_43' title='bbox 1105 913 1203 983; x_wconf 89' lang='lat' dir='ltr'>lami-</span> 
     </span>
     <span class='ocr_line' id='line_1_7' title="bbox 130 1033 1203 1128; baseline 0.002 -25"><span class='ocrx_word' id='word_1_44' title='bbox 130 1036 259 1105; x_wconf 88' lang='lat' dir='ltr'>liaritas</span> <span class='ocrx_word' id='word_1_45' title='bbox 285 1033 449 1107; x_wconf 86' lang='lat' dir='ltr'>inaudita.</span> <span class='ocrx_word' id='word_1_46' title='bbox 472 1036 554 1106; x_wconf 88' lang='lat' dir='ltr'>Haec</span> <span class='ocrx_word' id='word_1_47' title='bbox 573 1045 654 1106; x_wconf 92' lang='lat' dir='ltr'>sunt</span> <span class='ocrx_word' id='word_1_48' title='bbox 674 1037 785 1128; x_wconf 87' lang='lat' dir='ltr'>pretia</span> <span class='ocrx_word' id='word_1_49' title='bbox 804 1035 932 1127; x_wconf 88' lang='lat' dir='ltr'>quibus</span> <span class='ocrx_word' id='word_1_50' title='bbox 953 1059 1008 1108; x_wconf 93' lang='lat' dir='ltr'>me</span> <span class='ocrx_word' id='word_1_51' title='bbox 1030 1036 1203 1107; x_wconf 90' lang='lat' dir='ltr'>hominem</span> 
     </span>
     <span class='ocr_line' id='line_1_8' title="bbox 130 1157 1202 1251; baseline 0.003 -25"><span class='ocrx_word' id='word_1_52' title='bbox 130 1157 278 1229; x_wconf 89' lang='lat' dir='ltr'>liberum</span> <span class='ocrx_word' id='word_1_53' title='bbox 307 1158 525 1251; x_wconf 80' lang='lat' dir='ltr'>comparasti.</span> <span class='ocrx_word' id='word_1_54' title='bbox 558 1159 700 1242; x_wconf 86' lang='lat' dir='ltr'>Posses,</span> <span class='ocrx_word' id='word_1_55' title='bbox 723 1180 791 1231; x_wconf 95' lang='lat' dir='ltr'>non</span> <span class='ocrx_word' id='word_1_56' title='bbox 812 1158 961 1244; x_wconf 83' lang='lat' dir='ltr'>inficior,</span> <span class='ocrx_word' id='word_1_57' title='bbox 988 1168 1202 1232; x_wconf 86' lang='lat' dir='ltr'>contractum</span> 
     </span>
     <span class='ocr_line' id='line_1_9' title="bbox 131 1270 1203 1373; baseline 0 -24"><span class='ocrx_word' id='word_1_58' title='bbox 131 1270 302 1349; x_wconf 89' lang='lat' dir='ltr'>commu&#39;ni</span> <span class='ocrx_word' id='word_1_59' title='bbox 325 1278 399 1349; x_wconf 90' lang='lat' dir='ltr'>iure</span> <span class='ocrx_word' id='word_1_60' title='bbox 422 1278 631 1362; x_wconf 83' lang='lat' dir='ltr'>rescindere,</span> <span class='ocrx_word' id='word_1_61' title='bbox 666 1280 753 1352; x_wconf 90' lang='lat' dir='ltr'>ultra</span> <span class='ocrx_word' id='word_1_62' title='bbox 778 1278 958 1352; x_wconf 91' lang='lat' dir='ltr'>dimidium</span> <span class='ocrx_word' id='word_1_63' title='bbox 989 1280 1070 1351; x_wconf 92' lang='lat' dir='ltr'>iusti</span> <span class='ocrx_word' id='word_1_64' title='bbox 1103 1280 1203 1373; x_wconf 91' lang='lat' dir='ltr'>pretii</span> 
     </span>
     <span class='ocr_line' id='line_1_10' title="bbox 130 1401 1201 1498; baseline 0.004 -25"><span class='ocrx_word' id='word_1_65' title='bbox 130 1401 309 1496; x_wconf 89' lang='lat' dir='ltr'>deceptus:</span> <span class='ocrx_word' id='word_1_66' title='bbox 329 1413 526 1474; x_wconf 91' lang='lat' dir='ltr'>nontamen</span> <span class='ocrx_word' id='word_1_67' title='bbox 547 1403 583 1475; x_wconf 92' lang='lat' dir='ltr'>id</span> <span class='ocrx_word' id='word_1_68' title='bbox 602 1424 742 1487; x_wconf 91' lang='lat' dir='ltr'>vereor,</span> <span class='ocrx_word' id='word_1_69' title='bbox 766 1424 845 1473; x_wconf 91' lang='lat' dir='ltr'>narn</span> <span class='ocrx_word' id='word_1_70' title='bbox 866 1414 901 1475; x_wconf 91' lang='lat' dir='ltr'>et</span> <span class='ocrx_word' id='word_1_71' title='bbox 920 1403 1125 1498; x_wconf 85' lang='lat' dir='ltr'>praescripta</span> <span class='ocrx_word' id='word_1_72' title='bbox 1144 1424 1201 1477; x_wconf 91' lang='lat' dir='ltr'>res</span> 
     </span>
     <span class='ocr_line' id='line_1_11' title="bbox 129 1526 1199 1621; baseline 0.004 -25"><span class='ocrx_word' id='word_1_73' title='bbox 129 1535 197 1610; x_wconf 91' lang='lat' dir='ltr'>est,</span> <span class='ocrx_word' id='word_1_74' title='bbox 216 1533 252 1597; x_wconf 91' lang='lat' dir='ltr'>et</span> <span class='ocrx_word' id='word_1_75' title='bbox 268 1527 374 1596; x_wconf 87' lang='lat' dir='ltr'>multa</span> <span class='ocrx_word' id='word_1_76' title='bbox 392 1536 568 1618; x_wconf 75' lang='lat' dir='ltr'>praeterea,</span> <span class='ocrx_word' id='word_1_77' title='bbox 588 1527 668 1598; x_wconf 88' lang='lat' dir='ltr'>lieet</span> <span class='ocrx_word' id='word_1_78' title='bbox 683 1526 813 1618; x_wconf 81' lang='lat' dir='ltr'>exigua</span> <span class='ocrx_word' id='word_1_79' title='bbox 831 1526 866 1596; x_wconf 96' lang='lat' dir='ltr'>in</span> <span class='ocrx_word' id='word_1_80' title='bbox 885 1548 932 1609; x_wconf 93' lang='lat' dir='ltr'>se,</span> <span class='ocrx_word' id='word_1_81' title='bbox 952 1527 1039 1599; x_wconf 93' lang='lat' dir='ltr'>adeo</span> <span class='ocrx_word' id='word_1_82' title='bbox 1060 1546 1199 1621; x_wconf 86' lang='lat' dir='ltr'>posses-</span> 
     </span>
     <span class='ocr_line' id='line_1_12' title="bbox 130 1647 1201 1742; baseline 0.005 -23"><span class='ocrx_word' id='word_1_83' title='bbox 130 1647 269 1720; x_wconf 92' lang='lat' dir='ltr'>soribus</span> <span class='ocrx_word' id='word_1_84' title='bbox 289 1670 369 1720; x_wconf 91' lang='lat' dir='ltr'>cara</span> <span class='ocrx_word' id='word_1_85' title='bbox 387 1657 482 1732; x_wconf 91' lang='lat' dir='ltr'>sunt,</span> <span class='ocrx_word' id='word_1_86' title='bbox 518 1657 555 1718; x_wconf 95' lang='lat' dir='ltr'>ut</span> <span class='ocrx_word' id='word_1_87' title='bbox 579 1669 622 1720; x_wconf 91' lang='lat' dir='ltr'>ea</span> <span class='ocrx_word' id='word_1_88' title='bbox 641 1649 704 1719; x_wconf 84' lang='lat' dir='ltr'>vix</span> <span class='ocrx_word' id='word_1_89' title='bbox 724 1649 802 1721; x_wconf 93' lang='lat' dir='ltr'>ullis</span> <span class='ocrx_word' id='word_1_90' title='bbox 824 1650 943 1742; x_wconf 91' lang='lat' dir='ltr'>pretiis</span> <span class='ocrx_word' id='word_1_91' title='bbox 967 1661 1201 1724; x_wconf 84' lang='lat' dir='ltr'>commutasse</span> 
     </span>
     <span class='ocr_line' id='line_1_13' title="bbox 130 1769 1199 1846; baseline 0.005 -6"><span class='ocrx_word' id='word_1_92' title='bbox 130 1772 248 1842; x_wconf 89' lang='lat' dir='ltr'>velint.</span> <span class='ocrx_word' id='word_1_93' title='bbox 265 1769 538 1843; x_wconf 89' lang='lat' dir='ltr'>lnnumerabiles</span> <span class='ocrx_word' id='word_1_94' title='bbox 559 1782 642 1843; x_wconf 92' lang='lat' dir='ltr'>sunt</span> <span class='ocrx_word' id='word_1_95' title='bbox 661 1771 847 1846; x_wconf 84' lang='lat' dir='ltr'>affectuum</span> <span class='ocrx_word' id='word_1_96' title='bbox 867 1773 1098 1846; x_wconf 92' lang='lat' dir='ltr'>bumanorum</span> <span class='ocrx_word' id='word_1_97' title='bbox 1118 1796 1199 1845; x_wconf 94' lang='lat' dir='ltr'>cau-</span> 
     </span>
     <span class='ocr_line' id='line_1_14' title="bbox 130 1893 1201 1980; baseline 0.002 -16"><span class='ocrx_word' id='word_1_98' title='bbox 130 1916 193 1978; x_wconf 87' lang='lat' dir='ltr'>sae,</span> <span class='ocrx_word' id='word_1_99' title='bbox 212 1904 248 1965; x_wconf 93' lang='lat' dir='ltr'>et</span> <span class='ocrx_word' id='word_1_100' title='bbox 268 1894 525 1966; x_wconf 85' lang='lat' dir='ltr'>inaestimabiles</span> <span class='ocrx_word' id='word_1_101' title='bbox 549 1893 796 1968; x_wconf 73' lang='lat' dir='ltr'>aestimantium</span> <span class='ocrx_word' id='word_1_102' title='bbox 822 1899 1033 1980; x_wconf 85' lang='lat' dir='ltr'>voluntates,</span> <span class='ocrx_word' id='word_1_103' title='bbox 1055 1896 1201 1969; x_wconf 91' lang='lat' dir='ltr'>investi-</span> 
     </span>
     <span class='ocr_line' id='line_1_15' title="bbox 129 2015 1200 2114; baseline 0.007 -29"><span class='ocrx_word' id='word_1_104' title='bbox 129 2015 330 2109; x_wconf 81' lang='lat' dir='ltr'>gabilesque</span> <span class='ocrx_word' id='word_1_105' title='bbox 350 2025 539 2108; x_wconf 88' lang='lat' dir='ltr'>respectus.</span> <span class='ocrx_word' id='word_1_106' title='bbox 561 2016 711 2100; x_wconf 90' lang='lat' dir='ltr'>Quidam</span> <span class='ocrx_word' id='word_1_107' title='bbox 731 2021 825 2090; x_wconf 89' lang='lat' dir='ltr'>vasti</span> <span class='ocrx_word' id='word_1_108' title='bbox 846 2019 952 2091; x_wconf 91' lang='lat' dir='ltr'>animi</span> <span class='ocrx_word' id='word_1_109' title='bbox 966 2029 1067 2105; x_wconf 88' lang='lat' dir='ltr'>sunt,</span> <span class='ocrx_word' id='word_1_110' title='bbox 1085 2030 1120 2091; x_wconf 94' lang='lat' dir='ltr'>et</span> <span class='ocrx_word' id='word_1_111' title='bbox 1139 2043 1200 2114; x_wconf 91' lang='lat' dir='ltr'>ap-</span> 
     </span>
     <span class='ocr_line' id='line_1_16' title="bbox 128 2138 1199 2231; baseline 0.003 -20"><span class='ocrx_word' id='word_1_112' title='bbox 128 2139 270 2231; x_wconf 87' lang='lat' dir='ltr'>petitum</span> <span class='ocrx_word' id='word_1_113' title='bbox 305 2138 440 2211; x_wconf 91' lang='lat' dir='ltr'>nonnisi</span> <span class='ocrx_word' id='word_1_114' title='bbox 472 2139 517 2212; x_wconf 90' lang='lat' dir='ltr'>ad</span> <span class='ocrx_word' id='word_1_115' title='bbox 549 2139 717 2214; x_wconf 90' lang='lat' dir='ltr'>immensa</span> <span class='ocrx_word' id='word_1_116' title='bbox 748 2143 993 2216; x_wconf 87' lang='lat' dir='ltr'>transmittunt.</span> <span class='ocrx_word' id='word_1_117' title='bbox 1021 2143 1081 2214; x_wconf 89' lang='lat' dir='ltr'>His</span> <span class='ocrx_word' id='word_1_118' title='bbox 1105 2142 1199 2215; x_wconf 88' lang='lat' dir='ltr'>orbis</span> 
     </span>
     <span class='ocr_line' id='line_1_17' title="bbox 127 2259 1198 2360; baseline 0.01 -32"><span class='ocrx_word' id='word_1_119' title='bbox 127 2259 202 2353; x_wconf 92' lang='lat' dir='ltr'>ipse</span> <span class='ocrx_word' id='word_1_120' title='bbox 232 2273 402 2334; x_wconf 87' lang='lat' dir='ltr'>terrarum</span> <span class='ocrx_word' id='word_1_121' title='bbox 426 2285 545 2335; x_wconf 87' lang='lat' dir='ltr'>carcer</span> <span class='ocrx_word' id='word_1_122' title='bbox 569 2263 721 2350; x_wconf 90' lang='lat' dir='ltr'>videtur,</span> <span class='ocrx_word' id='word_1_123' title='bbox 752 2275 789 2336; x_wconf 93' lang='lat' dir='ltr'>et</span> <span class='ocrx_word' id='word_1_124' title='bbox 820 2268 1005 2358; x_wconf 79' lang='lat' dir='ltr'>angustiae,</span> <span class='ocrx_word' id='word_1_125' title='bbox 1039 2267 1133 2360; x_wconf 91' lang='lat' dir='ltr'>quod</span> <span class='ocrx_word' id='word_1_126' title='bbox 1153 2266 1198 2339; x_wconf 93' lang='lat' dir='ltr'>de</span> 
     </span>
     <span class='ocr_line' id='line_1_18' title="bbox 127 2383 1193 2467; baseline 0.008 -15"><span class='ocrx_word' id='word_1_127' title='bbox 127 2383 329 2455; x_wconf 81' lang='lat' dir='ltr'>Alexandro</span> <span class='ocrx_word' id='word_1_128' title='bbox 348 2384 547 2467; x_wconf 81' lang='lat' dir='ltr'>Macedone,</span> <span class='ocrx_word' id='word_1_129' title='bbox 577 2406 617 2456; x_wconf 88' lang='lat' dir='ltr'>ao</span> <span class='ocrx_word' id='word_1_130' title='bbox 638 2387 681 2457; x_wconf 92' lang='lat' dir='ltr'>de</span> <span class='ocrx_word' id='word_1_131' title='bbox 702 2387 787 2459; x_wconf 91' lang='lat' dir='ltr'>lulio</span> <span class='ocrx_word' id='word_1_132' title='bbox 812 2389 951 2462; x_wconf 86' lang='lat' dir='ltr'>Caesare</span> <span class='ocrx_word' id='word_1_133' title='bbox 977 2392 1104 2462; x_wconf 93' lang='lat' dir='ltr'>lectum</span> <span class='ocrx_word' id='word_1_134' title='bbox 1122 2403 1193 2461; x_wconf 90' lang='lat' dir='ltr'>est:</span> 
     </span>
     <span class='ocr_line' id='line_1_19' title="bbox 126 2506 1196 2602; baseline 0.009 -28"><span class='ocrx_word' id='word_1_135' title='bbox 126 2517 247 2575; x_wconf 89' lang='lat' dir='ltr'>contra</span> <span class='ocrx_word' id='word_1_136' title='bbox 279 2506 336 2575; x_wconf 89' lang='lat' dir='ltr'>alii</span> <span class='ocrx_word' id='word_1_137' title='bbox 370 2507 521 2577; x_wconf 89' lang='lat' dir='ltr'>minimis</span> <span class='ocrx_word' id='word_1_138' title='bbox 557 2507 787 2592; x_wconf 89' lang='lat' dir='ltr'>delectantur,</span> <span class='ocrx_word' id='word_1_139' title='bbox 828 2533 955 2602; x_wconf 83' lang='lat' dir='ltr'>magna</span> <span class='ocrx_word' id='word_1_140' title='bbox 993 2512 1196 2585; x_wconf 84' lang='lat' dir='ltr'>fastidiunt:</span> 
     </span>
     <span class='ocr_line' id='line_1_20' title="bbox 127 2626 1197 2723; baseline 0.012 -29"><span class='ocrx_word' id='word_1_141' title='bbox 127 2626 182 2696; x_wconf 90' lang='lat' dir='ltr'>bis</span> <span class='ocrx_word' id='word_1_142' title='bbox 205 2626 380 2718; x_wconf 83' lang='lat' dir='ltr'>tugurium</span> <span class='ocrx_word' id='word_1_143' title='bbox 403 2629 497 2720; x_wconf 79' lang='lat' dir='ltr'>regia</span> <span class='ocrx_word' id='word_1_144' title='bbox 518 2638 586 2712; x_wconf 89' lang='lat' dir='ltr'>est,</span> <span class='ocrx_word' id='word_1_145' title='bbox 608 2632 722 2723; x_wconf 88' lang='lat' dir='ltr'>ampla</span> <span class='ocrx_word' id='word_1_146' title='bbox 738 2630 864 2702; x_wconf 90' lang='lat' dir='ltr'>domus</span> <span class='ocrx_word' id='word_1_147' title='bbox 885 2635 1111 2723; x_wconf 83' lang='lat' dir='ltr'>ergastulum.</span> <span class='ocrx_word' id='word_1_148' title='bbox 1133 2635 1197 2707; x_wconf 89' lang='lat' dir='ltr'>Ta-</span> 
     </span>
     <span class='ocr_line' id='line_1_21' title="bbox 127 2748 1195 2842; baseline 0.009 -25"><span class='ocrx_word' id='word_1_149' title='bbox 127 2748 177 2818; x_wconf 90' lang='lat' dir='ltr'>les</span> <span class='ocrx_word' id='word_1_150' title='bbox 200 2758 282 2840; x_wconf 92' lang='lat' dir='ltr'>puto</span> <span class='ocrx_word' id='word_1_151' title='bbox 302 2751 410 2821; x_wconf 87' lang='lat' dir='ltr'>fuisse</span> <span class='ocrx_word' id='word_1_152' title='bbox 426 2749 614 2842; x_wconf 81' lang='lat' dir='ltr'>Diogenem</span> <span class='ocrx_word' id='word_1_153' title='bbox 636 2759 672 2822; x_wconf 91' lang='lat' dir='ltr'>et</span> <span class='ocrx_word' id='word_1_154' title='bbox 687 2749 855 2823; x_wconf 80' lang='lat' dir='ltr'>Amiclam</span> <span class='ocrx_word' id='word_1_155' title='bbox 877 2750 970 2823; x_wconf 94' lang='lat' dir='ltr'>illum</span> <span class='ocrx_word' id='word_1_156' title='bbox 985 2754 1195 2841; x_wconf 87' lang='lat' dir='ltr'>Caesareum,</span> 
     </span>
     <span class='ocr_line' id='line_1_22' title="bbox 126 2873 1195 2968; baseline 0.004 -22"><span class='ocrx_word' id='word_1_157' title='bbox 126 2874 222 2968; x_wconf 91' lang='lat' dir='ltr'>prius</span> <span class='ocrx_word' id='word_1_158' title='bbox 243 2896 348 2967; x_wconf 89' lang='lat' dir='ltr'>quam</span> <span class='ocrx_word' id='word_1_159' title='bbox 368 2885 487 2947; x_wconf 91' lang='lat' dir='ltr'>vector</span> <span class='ocrx_word' id='word_1_160' title='bbox 508 2874 574 2946; x_wconf 91' lang='lat' dir='ltr'>sibi</span> <span class='ocrx_word' id='word_1_161' title='bbox 595 2873 830 2968; x_wconf 85' lang='lat' dir='ltr'>permaximus</span> <span class='ocrx_word' id='word_1_162' title='bbox 854 2875 1046 2968; x_wconf 82' lang='lat' dir='ltr'>obtigisset.</span> <span class='ocrx_word' id='word_1_163' title='bbox 1068 2879 1195 2952; x_wconf 89' lang='lat' dir='ltr'>Multos</span> 
     </span>
     <span class='ocr_line' id='line_1_23' title="bbox 125 2997 1194 3094; baseline 0.003 -25"><span class='ocrx_word' id='word_1_164' title='bbox 125 3020 264 3090; x_wconf 91' lang='lat' dir='ltr'>quoque</span> <span class='ocrx_word' id='word_1_165' title='bbox 285 2999 372 3070; x_wconf 91' lang='lat' dir='ltr'>alios</span> <span class='ocrx_word' id='word_1_166' title='bbox 393 2997 566 3093; x_wconf 85' lang='lat' dir='ltr'>praeoipue</span> <span class='ocrx_word' id='word_1_167' title='bbox 587 3020 634 3070; x_wconf 86' lang='lat' dir='ltr'>ex</span> <span class='ocrx_word' id='word_1_168' title='bbox 654 3000 800 3084; x_wconf 79' lang='lat' dir='ltr'>nostrie,</span> <span class='ocrx_word' id='word_1_169' title='bbox 827 3001 887 3091; x_wconf 92' lang='lat' dir='ltr'>qui</span> <span class='ocrx_word' id='word_1_170' title='bbox 921 3022 1108 3094; x_wconf 86' lang='lat' dir='ltr'>pauperem</span> <span class='ocrx_word' id='word_1_171' title='bbox 1129 3000 1194 3072; x_wconf 93' lang='lat' dir='ltr'>du·</span> 
     </span>
     <span class='ocr_line' id='line_1_24' title="bbox 125 3122 1193 3196; baseline 0.004 -4"><span class='ocrx_word' id='word_1_172' title='bbox 125 3144 199 3192; x_wconf 87' lang='lat' dir='ltr'>cem</span> <span class='ocrx_word' id='word_1_173' title='bbox 226 3123 318 3193; x_wconf 88' lang='lat' dir='ltr'>nacti</span> <span class='ocrx_word' id='word_1_174' title='bbox 346 3122 440 3194; x_wconf 88' lang='lat' dir='ltr'>omni</span> <span class='ocrx_word' id='word_1_175' title='bbox 466 3122 581 3193; x_wconf 90' lang='lat' dir='ltr'>studio</span> <span class='ocrx_word' id='word_1_176' title='bbox 605 3123 760 3195; x_wconf 82' lang='lat' dir='ltr'>iecerunt</span> <span class='ocrx_word' id='word_1_177' title='bbox 792 3122 859 3194; x_wconf 89' lang='lat' dir='ltr'>sibi</span> <span class='ocrx_word' id='word_1_178' title='bbox 891 3122 1193 3196; x_wconf 81' lang='lat' dir='ltr'>familiarissimam</span> 
     </span>
     <span class='ocr_line' id='line_1_25' title="bbox 124 3243 1193 3338; baseline 0.007 -25"><span class='ocrx_word' id='word_1_179' title='bbox 124 3253 377 3337; x_wconf 89' lang='lat' dir='ltr'>paupertatem,</span> <span class='ocrx_word' id='word_1_180' title='bbox 411 3245 447 3314; x_wconf 94' lang='lat' dir='ltr'>in</span> <span class='ocrx_word' id='word_1_181' title='bbox 476 3243 637 3315; x_wconf 89' lang='lat' dir='ltr'>scissuris</span> <span class='ocrx_word' id='word_1_182' title='bbox 669 3243 820 3335; x_wconf 91' lang='lat' dir='ltr'>lapidum</span> <span class='ocrx_word' id='word_1_183' title='bbox 854 3254 958 3338; x_wconf 84' lang='lat' dir='ltr'>atque</span> <span class='ocrx_word' id='word_1_184' title='bbox 983 3246 1017 3316; x_wconf 91' lang='lat' dir='ltr'>in</span> <span class='ocrx_word' id='word_1_185' title='bbox 1043 3247 1193 3323; x_wconf 88' lang='lat' dir='ltr'>desertis</span> 
     </span>
     <span class='ocr_line' id='line_1_26' title="bbox 126 3368 1194 3461; baseline 0.002 -22"><span class='ocrx_word' id='word_1_186' title='bbox 126 3389 290 3461; x_wconf 92' lang='lat' dir='ltr'>specuum</span> <span class='ocrx_word' id='word_1_187' title='bbox 313 3368 525 3442; x_wconf 88' lang='lat' dir='ltr'>habitantes:</span> <span class='ocrx_word' id='word_1_188' title='bbox 559 3368 609 3440; x_wconf 91' lang='lat' dir='ltr'>sic</span> <span class='ocrx_word' id='word_1_189' title='bbox 629 3378 664 3439; x_wconf 94' lang='lat' dir='ltr'>et</span> <span class='ocrx_word' id='word_1_190' title='bbox 685 3369 718 3438; x_wconf 94' lang='lat' dir='ltr'>in</span> <span class='ocrx_word' id='word_1_191' title='bbox 739 3369 882 3461; x_wconf 86' lang='lat' dir='ltr'>reliquis</span> <span class='ocrx_word' id='word_1_192' title='bbox 907 3369 1076 3441; x_wconf 89' lang='lat' dir='ltr'>invenies.</span> <span class='ocrx_word' id='word_1_193' title='bbox 1109 3370 1194 3454; x_wconf 90' lang='lat' dir='ltr'>Qui·</span> 
     </span>
     <span class='ocr_line' id='line_1_27' title="bbox 124 3491 1193 3586; baseline 0.004 -24"><span class='ocrx_word' id='word_1_194' title='bbox 124 3491 204 3563; x_wconf 90' lang='lat' dir='ltr'>dam</span> <span class='ocrx_word' id='word_1_195' title='bbox 237 3513 410 3586; x_wconf 90' lang='lat' dir='ltr'>purpuras</span> <span class='ocrx_word' id='word_1_196' title='bbox 442 3492 609 3564; x_wconf 88' lang='lat' dir='ltr'>mirantur</span> <span class='ocrx_word' id='word_1_197' title='bbox 640 3503 675 3564; x_wconf 92' lang='lat' dir='ltr'>et</span> <span class='ocrx_word' id='word_1_198' title='bbox 705 3491 875 3584; x_wconf 88' lang='lat' dir='ltr'>quidquid</span> <span class='ocrx_word' id='word_1_199' title='bbox 904 3513 1009 3586; x_wconf 90' lang='lat' dir='ltr'>supra</span> <span class='ocrx_word' id='word_1_200' title='bbox 1030 3493 1193 3566; x_wconf 81' lang='lat' dir='ltr'>bumanae</span> 
     </span>
     <span class='ocr_line' id='line_1_28' title="bbox 125 3614 1191 3709; baseline -0.001 -22"><span class='ocrx_word' id='word_1_201' title='bbox 125 3637 299 3688; x_wconf 91' lang='lat' dir='ltr'>mensurae</span> <span class='ocrx_word' id='word_1_202' title='bbox 316 3615 454 3687; x_wconf 92' lang='lat' dir='ltr'>modum</span> <span class='ocrx_word' id='word_1_203' title='bbox 473 3616 637 3690; x_wconf 88' lang='lat' dir='ltr'>attollitur</span> <span class='ocrx_word' id='word_1_204' title='bbox 653 3614 786 3686; x_wconf 87' lang='lat' dir='ltr'>attoniti</span> <span class='ocrx_word' id='word_1_205' title='bbox 799 3627 835 3686; x_wconf 90' lang='lat' dir='ltr'>et</span> <span class='ocrx_word' id='word_1_206' title='bbox 847 3615 983 3687; x_wconf 91' lang='lat' dir='ltr'>hiantes</span> <span class='ocrx_word' id='word_1_207' title='bbox 1003 3616 1191 3709; x_wconf 89' lang='lat' dir='ltr'>aspiciunt:</span> 
     </span>
     <span class='ocr_line' id='line_1_29' title="bbox 123 3738 1189 3832; baseline 0.001 -22"><span class='ocrx_word' id='word_1_208' title='bbox 123 3740 177 3811; x_wconf 91' lang='lat' dir='ltr'>bis</span> <span class='ocrx_word' id='word_1_209' title='bbox 200 3762 344 3832; x_wconf 83' lang='lat' dir='ltr'>regnare</span> <span class='ocrx_word' id='word_1_210' title='bbox 364 3740 507 3810; x_wconf 81' lang='lat' dir='ltr'>felicitas</span> <span class='ocrx_word' id='word_1_211' title='bbox 524 3740 634 3832; x_wconf 86' lang='lat' dir='ltr'>prima</span> <span class='ocrx_word' id='word_1_212' title='bbox 655 3751 723 3810; x_wconf 91' lang='lat' dir='ltr'>est:</span> <span class='ocrx_word' id='word_1_213' title='bbox 744 3738 780 3811; x_wconf 91' lang='lat' dir='ltr'>id</span> <span class='ocrx_word' id='word_1_214' title='bbox 798 3739 828 3809; x_wconf 92' lang='lat' dir='ltr'>si</span> <span class='ocrx_word' id='word_1_215' title='bbox 845 3741 981 3809; x_wconf 85' lang='lat' dir='ltr'>fortuna</span> <span class='ocrx_word' id='word_1_216' title='bbox 999 3739 1189 3831; x_wconf 84' lang='lat' dir='ltr'>negaverit,</span> 
     </span>
     <span class='ocr_line' id='line_1_30' title="bbox 122 3863 1191 3956; baseline 0.003 -23"><span class='ocrx_word' id='word_1_217' title='bbox 122 3872 159 3933; x_wconf 89' lang='lat' dir='ltr'>at</span> <span class='ocrx_word' id='word_1_218' title='bbox 178 3866 298 3936; x_wconf 89' lang='lat' dir='ltr'>saltem</span> <span class='ocrx_word' id='word_1_219' title='bbox 318 3863 476 3935; x_wconf 85' lang='lat' dir='ltr'>amicitiis</span> <span class='ocrx_word' id='word_1_220' title='bbox 497 3884 618 3954; x_wconf 82' lang='lat' dir='ltr'>regum</span> <span class='ocrx_word' id='word_1_221' title='bbox 632 3863 788 3947; x_wconf 90' lang='lat' dir='ltr'>student,</span> <span class='ocrx_word' id='word_1_222' title='bbox 810 3872 846 3936; x_wconf 92' lang='lat' dir='ltr'>et</span> <span class='ocrx_word' id='word_1_223' title='bbox 866 3863 1061 3956; x_wconf 81' lang='lat' dir='ltr'>proximum</span> <span class='ocrx_word' id='word_1_224' title='bbox 1082 3885 1191 3954; x_wconf 80' lang='lat' dir='ltr'>regno</span> 
     </span>
     <span class='ocr_line' id='line_1_31' title="bbox 123 3984 1187 4080; baseline 0 -26"><span class='ocrx_word' id='word_1_225' title='bbox 123 3996 243 4078; x_wconf 86' lang='lat' dir='ltr'>putant</span> <span class='ocrx_word' id='word_1_226' title='bbox 261 4008 339 4060; x_wconf 93' lang='lat' dir='ltr'>esse</span> <span class='ocrx_word' id='word_1_227' title='bbox 354 3986 419 4059; x_wconf 91' lang='lat' dir='ltr'>sub</span> <span class='ocrx_word' id='word_1_228' title='bbox 433 3985 584 4080; x_wconf 77' lang='lat' dir='ltr'>regibus.</span> <span class='ocrx_word' id='word_1_229' title='bbox 603 3984 670 4058; x_wconf 79' lang='lat' dir='ltr'>dlii</span> <span class='ocrx_word' id='word_1_230' title='bbox 689 4009 826 4059; x_wconf 92' lang='lat' dir='ltr'>omnem</span> <span class='ocrx_word' id='word_1_231' title='bbox 847 3995 1053 4079; x_wconf 90' lang='lat' dir='ltr'>potestatem</span> <span class='ocrx_word' id='word_1_232' title='bbox 1073 3985 1187 4080; x_wconf 90' lang='lat' dir='ltr'>perosi</span> 
     </span>
    </p>
   </div>
   <div class='ocr_carea' id='block_1_3' title="bbox 123 4109 1187 4283">
    <p class='ocr_par' dir='ltr' id='par_1_3' title="bbox 123 4109 1187 4283">
     <span class='ocr_line' id='line_1_32' title="bbox 123 4109 1187 4205; baseline 0.003 -28"><span class='ocrx_word' id='word_1_233' title='bbox 123 4109 211 4180; x_wconf 86' lang='lat' dir='ltr'>serre</span> <span class='ocrx_word' id='word_1_234' title='bbox 230 4123 408 4205; x_wconf 89' lang='lat' dir='ltr'>nequeunt</span> <span class='ocrx_word' id='word_1_235' title='bbox 432 4113 526 4204; x_wconf 80' lang='lat' dir='ltr'>regis</span> <span class='ocrx_word' id='word_1_236' title='bbox 546 4132 740 4184; x_wconf 86' lang='lat' dir='ltr'>occursum.</span> <span class='ocrx_word' id='word_1_237' title='bbox 759 4109 974 4195; x_wconf 89' lang='lat' dir='ltr'>Quibusdam</span> <span class='ocrx_word' id='word_1_238' title='bbox 992 4113 1092 4184; x_wconf 90' lang='lat' dir='ltr'>melle</span> <span class='ocrx_word' id='word_1_239' title='bbox 1111 4109 1187 4182; x_wconf 92' lang='lat' dir='ltr'>dul-</span> 
     </span>
     <span class='ocr_line' id='line_1_33' title="bbox 246 4231 1029 4283; baseline -0.001 -1"><span class='ocrx_word' id='word_1_240' title='bbox 246 4243 283 4283; x_wconf 82' lang='grc' dir='ltr'><strong>ιιι.</strong></span> <span class='ocrx_word' id='word_1_241' title='bbox 1002 4231 1029 4281; x_wconf 82' lang='lat' dir='ltr'>at</span> 
     </span>
    </p>
   </div>
   <div class='ocr_carea' id='block_1_4' title="bbox 0 0 1340 4688">
    <p class='ocr_par' dir='ltr' id='par_1_4' title="bbox 0 0 1340 4688">
     <span class='ocr_line' id='line_1_34' title="bbox 0 0 1340 4688; baseline 0 2"><span class='ocrx_word' id='word_1_242' title='bbox 0 0 1340 4688; x_wconf 95' lang='lat' dir='ltr'> </span> 
     </span>
    </p>
   </div>
  </div>
 </body>
</html>
