2834 5086
440 730 532 780 brnen
553 727 943 781 arceamus-arianus
967 730 1010 778 nr.
1224 719 1262 781 la

184 871 307 939 celera.
334 866 410 937 Non
437 878 470 936 te
494 875 582 934 aetas
609 874 734 934 teneat.
763 865 885 935 Senior
911 866 1040 938 Aratus
1066 866 1262 962 Sicyonem,

186 990 302 1063 senior
323 984 529 1058 Trasihulus
545 984 714 1068 Athenas,
734 985 849 1059 senior
869 988 1035 1059 Camillus
1056 987 1179 1061 urbem
1196 989 1264 1061 llo

185 1133 277 1184 mam
299 1108 446 1182 servitio
464 1106 637 1178 liberavit.
660 1105 759 1177 Pium
778 1107 912 1197 geritur
934 1111 1110 1200 negotium
1132 1122 1167 1183 et
1184 1109 1265 1182 huic

188 1232 343 1304 maxime
363 1228 523 1301 debitum
543 1229 645 1311 retati,
669 1228 841 1300 dissoluta
857 1229 980 1322 patriae
998 1231 1152 1304 membra
1171 1254 1266 1305 eom-

187 1375 326 1446 ponere,
346 1359 383 1421 ut
400 1350 544 1423 meliora
560 1349 794 1422 deterioribus
812 1349 992 1444 imperant.
1013 1348 1119 1421 Cuius
1140 1352 1267 1429 sicon-
1288 1339 1294 1352 ⁵

188 1478 331 1547 tranium
354 1470 426 1555 liat,
453 1492 597 1544 necesso
623 1483 679 1544 est
712 1482 751 1544 ut
775 1472 927 1545 bominis
953 1471 1003 1543 sic
1031 1472 1183 1546 civitatis
1207 1487 1267 1548 aut

189 1596 287 1688 regni
308 1615 436 1687 corpus
457 1593 589 1666 morbis
615 1595 880 1690 erumpentibus
902 1594 1104 1667 intabescat.
1130 1595 1268 1667 Pericli-

189 1718 255 1789 tari
274 1730 309 1789 et
328 1726 500 1811 aegrotare
520 1719 643 1812 patriae
661 1729 731 1790 tuae
749 1727 861 1791 slatus
879 1718 1006 1812 incipit.
1026 1719 1073 1789 Te
1091 1717 1137 1789 illi
1154 1716 1267 1788 civem

188 1841 385 1931 egregium,
414 1850 448 1912 te
474 1841 649 1912 medicum
682 1838 827 1945 exhibo,
863 1850 897 1912 te
930 1850 1133 1932 parentem:
1159 1861 1201 1912 ac
1224 1861 1269 1910 ne

188 1966 410 2056 pluraquam
429 1985 486 2035 res
503 1963 624 2054 exigit,
645 1965 791 2055 loquens
811 1960 857 2033 de
875 1973 934 2034 tua
952 1963 1090 2045 virtute,
1112 1961 1269 2034 diffidere

188 2086 326 2171 videar,
349 2086 437 2158 nihil
461 2084 518 2159 his
543 2085 681 2168 addam,
713 2082 796 2175 quin
824 2086 948 2157 tacitus
975 2085 1039 2158 sed
1066 2106 1133 2157 non
1161 2087 1268 2171 solus,

191 2220 261 2281 tuae
278 2219 430 2281 vetustae
442 2209 568 2280 indolis
586 2210 721 2279 exitum
738 2205 1012 2301 contemplabor.
1031 2206 1118 2299 Age,
1130 2227 1201 2291 oro,
1216 2207 1271 2278 vir

191 2331 330 2420 ingens,
352 2328 409 2423 pie
430 2338 469 2399 ut
487 2327 605 2413 debes,
626 2328 761 2399 fortiter
780 2339 820 2399 ut
840 2329 946 2411 soles,
969 2327 1112 2399 feliciter
1135 2337 1172 2398 ut
1192 2348 1272 2420 spe-

189 2472 322 2535 ramus,
345 2472 473 2543 meque
494 2461 554 2520 tuo
574 2458 672 2521 utere
691 2457 730 2518 ut
749 2446 844 2533 libet,
864 2447 894 2517 si
915 2449 996 2540 quis
1014 2457 1110 2521 tanto
1131 2446 1181 2519 rei
1201 2459 1271 2519 tam

189 2594 312 2667 parvae
335 2594 422 2646 usus
443 2595 526 2646 esse
546 2582 672 2666 potest.
695 2570 761 2645 Diu
785 2591 913 2665 sospes
933 2571 1115 2666 nostrique
1139 2592 1272 2643 memor

66 2725 72 2736 ’
189 2695 271 2768 vive
290 2706 325 2767 et
345 2697 434 2767 vale.

330 2838 494 2905 Mediolani,
509 2839 568 2892 XV.
588 2839 649 2894 Kal.
666 2838 798 2894 Ianuarii.

613 3281 790 3349 llPlSTOLA
811 3284 856 3348 lV.

318 3455 513 3508 rahnclscus
535 3446 835 3505 Parnaaol'lltaco
856 3456 1011 3506 usnuausl
1028 3457 1054 3506 S.
1072 3457 1100 3504 P.
1122 3457 1152 3504 ll.

346 3590 385 3646 De
401 3591 492 3646 studio
507 3592 615 3661 legum,
631 3594 659 3643 et
672 3603 767 3643 rerum
782 3587 935 3645 forensium
950 3590 1129 3662 experientia.

296 3797 443 3869 Crebrae
463 3823 511 3871 ex
533 3813 564 3872 te
586 3803 758 3874 litterulas
779 3801 892 3873 habeo
907 3829 914 3869 :
931 3804 1086 3874 omnium
1108 3824 1175 3872 una
1196 3820 1275 3872 sen·

200 3920 306 3990 tentia
338 3928 403 3988 est.
433 3921 550 3993 Poscis
585 3934 623 3994 ut
651 3924 696 3994 ad
725 3923 851 4015 incepti
884 3944 996 4014 nuper
1023 3923 1137 3993 civilis
1171 3921 1276 3994 studii

198 4040 499 4135 perseverantiam
520 4055 553 4112 te
572 4044 741 4126 cohorter,
760 4045 913 4136 aliquam
932 4041 1004 4112 vim
1021 4043 1173 4133 prolecto
1191 4061 1277 4114 maae

199 4165 296 4236 vocis
316 4162 525 4236 existimans
551 4163 595 4235 ad
622 4163 830 4236 firmandum
857 4165 1011 4235 novitate
1033 4163 1081 4234 rei
1108 4163 1276 4237 lluctuan·

200 4299 270 4358 tem
291 4287 444 4358 animum
471 4294 507 4357 et
532 4284 771 4376 magnitudine
795 4285 1019 4358 diffidentem.
1042 4286 1142 4370 Quod
1169 4298 1206 4359 ut
1229 4308 1278 4358 ex

201 4431 256 4480 me
277 4429 412 4502 speres,
432 4406 513 4479 hinc
536 4405 603 4476 mei
628 4426 727 4476 amor
748 4407 888 4491 suadet,
910 4407 992 4479 hinc
1012 4421 1072 4481 tua
1092 4405 1278 4503 persuadet

202 4530 392 4615 humilitas,
414 4532 545 4623 optima
566 4528 630 4602 dos
655 4528 761 4600 animi
782 4538 817 4600 et
837 4527 881 4601 ad
900 4528 1065 4605 virtutem
1086 4546 1278 4619 veramque
