2670 4688
80 88 119 147 ι
583 107 736 155 narsaeus
759 107 800 155 vr.
1143 96 1202 158 523

80 246 329 339 ubingenda
361 256 397 317 et
428 246 603 319 laudanda
640 249 790 343 suscepi.
825 248 982 339 Denique
1014 249 1203 321 iuvenilem

80 379 249 453 sraestom
271 371 331 461 qui
354 390 408 441 mc
428 371 556 441 multos
577 390 688 440 anuos
709 370 845 453 torruit,
870 379 908 440 ut
927 370 1034 452 nosti,
1057 392 1203 465 sperans

80 522 107 575 ι
124 490 194 560 illis
228 489 441 585 umbraculis
474 492 600 585 lenire,
630 512 672 562 eo
705 491 773 563 iam
801 491 883 563 inde
904 490 949 561 ab
971 491 1205 563 adolescentia

80 630 222 703 ssaepe
257 613 455 701 confugere,
489 613 644 685 velutin
671 634 787 685 arcem
815 612 1084 683 munitissimam
1115 614 1205 682 solc-

80 780 87 827 p
123 734 218 806 bam.
242 733 311 804 Sed
332 737 419 804 beu!
450 735 534 804 milri
561 737 715 806 incauto:
737 735 812 829 ipsa
834 756 958 827 nempe
992 733 1147 806 remedia
1171 734 1205 804 in

80 907 84 915 .
124 857 275 928 exitium
297 855 535 928 vertebantur.
562 858 647 928 Nam
675 868 710 927 et
736 857 791 927 bis
817 878 907 949 quas
934 877 1069 927 mecum
1092 855 1205 935 addu-

123 1000 248 1051 xeram
286 976 379 1049 curis
417 978 702 1060 incendentibus,
738 989 774 1049 et
809 979 842 1049 in
877 976 972 1077 tanta
1001 978 1203 1061 solitudine,

125 1104 222 1174 nullo
255 1122 399 1195 pmrsus
431 1101 477 1172 ad
510 1101 709 1172 incendium
736 1111 956 1182 occurrente,
985 1101 1206 1194 desperatius

125 1222 275 1306 urebar;
297 1224 415 1315 itaque
430 1247 494 1318 per
510 1238 550 1295 os
569 1246 683 1295 meum
705 1225 843 1294 flamma
864 1222 980 1294 cordis
1000 1243 1205 1314 erumpens,

126 1345 333 1429 miserabili,
362 1345 439 1426 sed,
467 1356 505 1416 ut
529 1345 678 1438 quidam,
697 1322 890 1437 diuerunt,¹
908 1343 1002 1416 dulci
1027 1366 1207 1416 murmure

126 1470 239 1539 valles
259 1470 457 1559 coelumque
478 1467 683 1561 complebat.
706 1468 792 1537 Hinc
812 1467 870 1537 illa
889 1466 1049 1557 vulgaria
1071 1465 1206 1537 iuveni-

128 1591 213 1661 lium
247 1589 404 1660 laborum
431 1610 585 1659 meorum
620 1566 767 1671 cantica,
796 1609 944 1681 quorum
972 1587 1076 1659 bodie
1101 1587 1208 1680 pudet

128 1732 169 1782 ac
196 1711 360 1804 poenitet,
380 1710 444 1787 sed
469 1711 593 1782 eodem
624 1709 754 1781 morbo·
778 1710 923 1792 alleotis,
956 1718 994 1781 ut
1026 1708 1206 1790 videmus,

129 1835 383 1928 acceptissima.
418 1832 509 1915 Quid
543 1834 673 1905 multa‘l
694 1833 727 1901 Si
749 1853 980 1925 quaecumque
1001 1831 1100 1918 alibi,
1128 1855 1207 1902 cum

127 1956 183 2029 his
202 1978 283 2049 quae
304 1957 351 2027 ibi
373 1952 510 2049 scripsi,
534 1957 768 2036 conterantur,
789 1957 865 2026 loca
884 1930 1001 2026 ombia
1021 1957 1120 2027 locus
1135 1957 1204 2037 ille,

126 2100 183 2150 mc
203 2078 330 2161 iudice,
351 2079 523 2149 hactenus
548 2087 700 2170 superat.
734 2078 800 2148 Est
829 2077 935 2168 igitur
960 2077 1098 2170 eritque
1122 2076 1207 2148 dum

126 2199 266 2280 vixero,
291 2198 407 2269 sedes
434 2199 490 2266 illa
516 2195 601 2266 mibi
631 2198 846 2288 gratissima,
881 2199 1209 2270 commemoratione

127 2317 328 2388 iuvenilium
353 2338 534 2409 curarum,
557 2339 704 2408 quarum
732 2338 844 2408 usque
877 2317 920 2386 ad
954 2315 1042 2387 banc
1067 2327 1206 2387 aetalem

127 2441 161 2510 in
202 2439 357 2531 reliquiis
394 2437 546 2511 elaboro.
586 2438 821 2536 Veruntamen
863 2438 930 2510 nisi
973 2436 1207 2530 nosmetipsos

127 2560 286 2643 fallimus
301 2560 369 2632 alia
382 2560 544 2653 quaedam
565 2569 646 2630 sunt
664 2559 741 2630 viro
761 2560 940 2633 tractanda
957 2582 1062 2653 quam
1079 2581 1207 2654 puero:

127 2694 162 2754 et
187 2701 254 2774 ego
278 2682 373 2753 aliud
399 2684 455 2752 illa
480 2691 584 2753 aetale
613 2704 680 2752 non
707 2680 876 2753 videram.
913 2683 1084 2754 Obstabat
1115 2683 1207 2754 enirn

128 2816 222 2876 recto
242 2804 370 2876 iudicio
388 2825 506 2876 caecus
526 2825 645 2886 amor3
666 2802 829 2876 obstabat
850 2805 964 2877 aelatis
992 2803 1208 2876 imbecillitas

128 2937 386 3021 paupertasque
417 2927 576 2998 consilii:
610 2925 773 2999 obstabat
797 2926 995 2998 reverentia
1019 2925 1118 2997 ducis
1147 2948 1208 2996 no-

129 3047 207 3130 stri,
230 3045 297 3117 sub
317 3069 387 3138 quo
407 3068 489 3117 esse
510 3047 618 3140 pluris
639 3056 714 3118 erat
734 3070 836 3139 quarn
860 3046 1026 3117 libertas:
1046 3047 1116 3118 imo
1134 3047 1209 3118 sine
1239 3128 1244 3133 ,

128 3188 199 3259 quo
219 3190 282 3238 nec
302 3167 454 3251 libertas,
477 3190 541 3239 uec
562 3169 646 3240 vitae
664 3162 860 3241 iucunditas
883 3171 985 3261 plena
1003 3180 1088 3240 erat.
1110 3170 1210 3240 Nunc

127 3300 163 3360 et
183 3289 277 3359 illum
303 3299 339 3360 et
363 3289 533 3382 quidquid
558 3289 660 3361 dulce
686 3301 870 3385 supererat
904 3314 973 3362 uno
1005 3313 1097 3384 pene
1122 3312 1209 3361 nau-

128 3410 241 3502 fragio
261 3412 465 3493 amisimus3
490 3411 656 3504 quodque
685 3414 759 3482 sine
794 3413 946 3505 suspirio
975 3412 1042 3483 dici
1068 3413 1207 3504 nequit,

128 3533 365 3604 virentissima
397 3534 478 3602 olim
513 3535 633 3604 laurus
668 3557 764 3618 mea,
800 3535 835 3604 vi
870 3535 1061 3628 repentioae
1097 3535 1206 3628 pestis

122 3654 289 3735 'exaruit3
307 3672 388 3744 quae
408 3673 476 3723 una
494 3652 577 3722 mihi
595 3674 663 3724 non
682 3654 840 3746 Sorgiam
859 3654 978 3738 modo,
994 3655 1057 3726 sed
1071 3657 1208 3726 Druen-

132 3771 210 3845 tiam
228 3776 347 3846 Tioino
365 3777 493 3846 lecerat
510 3774 679 3847 cariorem
696 3803 703 3844 :
722 3779 923 3869 velumque,
942 3798 1014 3869 quo
1030 3777 1121 3848 oculi
1139 3778 1207 3847 mci

130 3896 348 3987 tegebantur,
366 3897 519 3971 ablatum
537 3909 608 3982 est,
628 3909 666 3970 ut
685 3899 926 3991 videam-quid
944 3901 1034 3974 inter
1051 3901 1208 3972 Vallem-
