2670 4688
121 276 180 335 :tou
581 282 741 331 rnurnnurr

122 435 227 507 studii
258 441 464 525 posuerunt,
492 432 767 503 luculentissimo
792 429 950 522 quodam
988 431 1222 525 conrpenum,

122 560 212 629 intra
233 555 372 649 paginae
393 555 496 625 unius
516 554 698 645 angustias
719 553 932 644 redegistis..
956 553 1052 624 Mira
1085 556 1144 625 vis
1171 555 1223 624 in-

124 680 331 772 geminare
359 688 513 770 potestas
537 678 682 768 eloquii!
719 673 966 747 Animadverti
994 696 1089 748 sane
1113 688 1220 749 totam

124 802 330 874 narrationis
349 802 474 873 seriem
494 798 744 871 amantissimis
768 797 987 892 quibusdum
1017 821 1066 871 ac
1090 799 1222 871 dulcis·

125 924 223 997 simis
246 924 504 1018 suspicionibus
530 923 768 994 intertextam:
791 921 910 1014 itaqua
937 921 1140 996 subridens
1171 936 1220 994 ta-

125 1048 214 1119 citus
231 1068 367 1119 mecum
385 1045 470 1118 dixi.
488 1074 503 1110 u
522 1043 733 1136 indignabor
756 1044 905 1137 posthac
925 1046 1079 1137 parcius
1101 1067 1216 1117 casum

127 1191 243 1243 meum
275 1169 374 1242 rudis
401 1179 438 1240 et
468 1169 673 1263 inexpertus
705 1166 915 1237 homuncio:
947 1168 1131 1259 quoniam
1156 1170 1217 1239 iste

127 1295 183 1365 vir
198 1303 333 1377 tantus,
348 1291 509 1384 quamvis
524 1290 693 1382 sapientia
710 1289 878 1384 praeditus
898 1292 1078 1375 naturali,
1098 1312 1219 1384 quam·

130 1418 184 1489 vis
205 1414 428 1488 scientiarum
449 1413 603 1483 omnium
620 1413 700 1483 telis
719 1422 885 1494 armatus,
906 1413 1083 1503 quamvis
1105 1417 1218 1507 legum

127 1541 248 1632 clypeo
268 1543 462 1616 contectus
494 1545 530 1602 et
559 1531 699 1604 casside
724 1532 966 1616 decretorum,
996 1545 1140 1606 auratae
1172 1548 1219 1606 ta-

128 1680 205 1729 men
227 1653 382 1747 cuspidis
422 1656 643 1725 lacrimosum
674 1658 803 1727 vulnus
828 1655 962 1726 evitare
982 1679 1056 1728 non
1095 1661 1216 1731 valuit:

130 1777 223 1872 quod
244 1778 397 1871 prolecto
417 1798 520 1868 quam
543 1776 713 1868 profunde
739 1779 773 1848 in
800 1775 999 1848 visceribus
1028 1780 1111 1852 suis
1133 1783 1220 1853 inse-

127 1902 220 1977 derit
240 1904 338 1974 zclus
354 1900 484 1972 indicat
502 1901 735 1973 lamentantis.
760 1930 776 1967 u
791 1902 886 1973 Sicut
899 1903 993 1972 cuim
1008 1905 1106 1978 inter
1116 1908 1217 1978 animi

130 2028 374 2120 possessiones
394 2025 629 2099 inflammatus
651 2050 763 2114 amor,
779 2029 829 2099 sic
842 2027 931 2098 inter
947 2028 1084 2101 amoris
1104 2044 1218 2124 pestes

130 2152 263 2223 ardens
290 2151 386 2221 zolus
416 2157 451 2218 et
472 2149 626 2219 solicitus
644 2147 802 2222 oblinere
828 2172 897 2223 non
910 2147 1109 2243 ambigitur
1128 2154 1218 2249 prin-

128 2270 294 2364 cipatum.
317 2271 403 2340 Hinc
423 2272 587 2361 quoniam
603 2270 731 2342 iubetis
753 2282 792 2345 ut
812 2272 991 2344 adversus
1008 2294 1079 2346 vos
1100 2288 1217 2370 partes

129 2391 318 2484 suscipiam
340 2391 546 2477 defensoris,
582 2395 647 2465 etsi
680 2406 773 2465 tanto
798 2395 937 2488 quidem
964 2395 1087 2467 duello
1114 2401 1218 2491 frugi·

128 2517 195 2587 lem
230 2514 322 2587 bunc
354 2520 524 2589 calamum
551 2516 703 2588 obiicere
729 2516 968 2601 reformidem,
1004 2517 1090 2591 lruic
1127 2521 1217 2593 haud

127 2635 242 2721 dubie,
261 2639 329 2710 nisi
343 2641 607 2727 sallon-dilectae
628 2640 757 2736 paritor
768 2661 809 2711 ao
822 2661 901 2724 rem,
916 2660 1021 2732 quam
1036 2644 1219 2716 accusatio

127 2768 246 2831 vestra
265 2764 498 2855 persequitur,
521 2761 761 2834 excusationis
777 2762 899 2854 ingens
913 2761 1097 2853 praebetur
1114 2788 1217 2838 occa·

129 2880 192 2952 sio.
214 2881 364 2971 Vulgata
387 2906 536 2976 namque
555 2904 612 2953 ros
629 2893 704 2967 est,
730 2884 824 2976 quod
846 2883 1007 2977 quisquis
1027 2900 1128 2960 amat
1148 2910 1217 2959 nou

128 3003 246 3075 dubia·
270 3013 402 3073 tantum
431 3016 468 3074 et
497 3005 734 3089 formidolosa,
759 3008 821 3078 scd
853 3008 956 3079 etiam
994 3011 1117 3081 omnia
1146 3020 1219 3083 tuta

129 3129 237 3210 timet,
265 3127 356 3196 sicut
389 3137 523 3198 naturae
551 3130 712 3200 conscius
742 3131 908 3222 Virgilius
934 3141 1057 3202 noster
1088 3133 1157 3216 ait,
1187 3146 1222 3205 et

129 3248 222 3341 apud
242 3248 346 3320 alium
365 3259 501 3340 poetam
523 3250 656 3321 creduto
674 3275 727 3321 res
753 3278 847 3325 amor
867 3269 936 3326 est:
955 3266 991 3327 et
1012 3255 1162 3329 iterum:

289 3440 346 3503 Res
362 3444 408 3501 est
424 3435 533 3500 soliciti
549 3438 635 3517 plenu
653 3439 773 3503 timoris
790 3456 894 3516 amor,

131 3623 281 3716 deniquo
300 3640 388 3694 unus
409 3616 577 3690 etiamen
599 3619 800 3690 modernis:

293 3786 428 3850 Turbine
444 3790 590 3866 perpetuo
608 3793 743 3849 montem
762 3751 855 3849 timor
873 3788 958 3864 augit
976 3788 1117 3852 amantis.

130 3950 288 4023 Proiecto
322 3953 372 4023 sic
407 3962 479 4022 est:
516 3969 687 4042 nusquam
722 3949 799 4019 sine
829 3957 923 4019 metu
949 3969 1048 4019 amor
1070 3949 1224 4039 habitat,

130 4092 342 4161 qunmquam
374 4095 471 4166 saepe
498 4075 573 4147 sine
605 4091 723 4145 umore
754 4068 798 4141 sit
832 4080 958 4141 metus.
988 4069 1079 4141 Nulli
1112 4073 1225 4165 igitur
