2670 4688
123 261 182 323 254
459 270 500 318 ne
523 269 624 317 nauus
646 268 869 319 rnuruuuunus

125 419 261 489 bonitas
287 426 473 498 natureae
505 415 667 505 coniugio
699 413 732 483 iu
767 414 889 509 primis
923 424 1027 505 alque
1053 413 1103 485 ab
1132 417 1215 488 aliis

125 541 206 611 vitae
239 537 516 618 difficultatibus,
553 536 585 605 in
619 558 707 628 quas
742 559 797 608 me
831 548 1010 631 parentum
1044 560 1151 611 amor
1176 551 1214 614 et

124 663 315 733 amicorum
348 660 492 733 consilia
521 658 706 750 urgebant,
744 659 890 731 liberum
933 671 969 732 et
1013 662 1211 736 immunem

126 786 246 856 lenuit.
269 784 320 855 Ne
342 795 456 855 tamen
478 783 523 854 ad
544 805 650 854 unurn
672 792 796 854 cuncta
810 782 1012 875 perentibus
1027 807 1208 877 negarem,

123 908 169 981 de
190 919 352 1003 sperante
372 907 456 977 nihil
479 908 585 976 multa
604 905 835 997 sperantibus,
854 929 924 977 uno
942 928 996 977 me
1011 928 1144 1000 passus
1159 909 1208 979 fui

124 1030 236 1102 civilis
264 1030 367 1102 studii
401 1033 496 1100 fasce
526 1027 678 1109 curvari,
714 1028 805 1098 unde
837 1028 984 1100 maiores
1004 1039 1208 1120 provectus,

123 1163 253 1248 praeter
274 1176 329 1224 me
350 1154 471 1234 solum,
494 1150 538 1221 ab
559 1148 721 1221 omnibus
743 1149 983 1244 sperabantur.
1009 1151 1088 1241 Ego
1108 1153 1145 1223 in
1164 1175 1208 1225 ea

125 1278 287 1348 facultate
306 1275 392 1366 quid
412 1294 552 1367 possem
573 1281 606 1342 el
625 1270 709 1362 qnid
727 1274 851 1343 vellem
870 1271 1071 1356 sentiebam,
1091 1295 1209 1367 neque

125 1400 265 1490 ingenio
289 1395 507 1478 diffidebam,
536 1393 600 1465 sed
625 1414 721 1484 aegre
748 1392 899 1464 ferebam
927 1397 1060 1466 lucrum
1086 1418 1136 1468 ex
1156 1396 1209 1467 in-

124 1523 228 1614 genio
249 1541 326 1589 meo
345 1517 468 1610 quaeri.
486 1515 719 1598 Quamobrem
739 1528 777 1589 ut
793 1516 941 1611 primum
961 1516 1045 1587 mibi
1063 1517 1209 1592 relictus

125 1665 219 1726 sum,
238 1643 354 1711 lessus
373 1638 493 1709 invitae
510 1639 658 1710 sarcinae
675 1637 830 1711 subduxi
851 1638 1034 1724 humeros,
1054 1660 1210 1734 meoque

124 1786 221 1836 more
247 1762 324 1835 sine
349 1761 582 1846 solicitudine,
615 1761 691 1831 sine
726 1782 788 1854 spe
813 1760 877 1832 iter
896 1760 1072 1854 inceptum
1097 1782 1209 1855 agere

124 1887 271 1970 institui,
294 1888 403 1958 mulla
422 1884 562 1957 demum
585 1904 689 1976 supra
712 1904 810 1976 spem
831 1891 1075 1975 consequutus
1096 1885 1211 1958 mulla

124 2031 262 2103 passus.
296 2010 392 2080 Neve
412 2010 527 2079 forsan
548 2006 593 2078 ab
614 2005 744 2097 ignaris
766 2006 832 2079 boc
854 2027 1014 2078 sermone
1035 2005 1208 2099 despera·

124 2136 227 2205 tionis
248 2156 395 2223 arguar,
418 2132 462 2202 de
483 2131 537 2201 bis
559 2143 692 2204 tantum
717 2134 854 2223 loquor,
876 2151 957 2225 quaa
976 2133 1128 2204 fortunae
1147 2155 1209 2208 les

123 2256 303 2338 dicuntur,
326 2254 361 2322 in
383 2253 459 2323 aliis
481 2264 518 2322 ut
538 2263 698 2346 peccator
718 2254 864 2323 multum
883 2274 997 2346 spero.
1018 2255 1104 2326 Haec
1121 2254 1211 2327 mibi

123 2397 202 2446 cum
229 2374 285 2446 illo
310 2374 370 2466 qui
399 2373 445 2445 ab
469 2373 567 2446 initio
587 2395 643 2445 me
663 2376 773 2459 novit,
800 2376 902 2448 dulce
929 2374 993 2448 fuit
1017 2377 1210 2450 recordari.

124 2499 246 2590 Neque
267 2520 353 2570 vero
373 2496 419 2568 ab
440 2521 477 2570 re
498 2499 573 2592 ipsa
595 2500 696 2591 longe
716 2498 854 2591 digredi
875 2497 976 2571 visus
993 2518 1102 2582 eram,
1122 2501 1211 2593 quia

124 2621 206 2691 milri
230 2631 337 2694 toturn
367 2624 433 2695 hoc
457 2622 630 2695 intellecta
651 2623 719 2693 iam
741 2622 822 2694 inde
841 2620 925 2693 vilae
944 2619 1101 2691 brevitas
1121 2643 1209 2694 cou-

123 2745 236 2815 silium
257 2745 374 2817 dabat.
396 2747 432 2816 ln
452 2767 523 2838 quo
543 2745 632 2837 ipso,
656 2744 724 2813 nisi
744 2745 859 2826 fallor,
882 2743 1133 2836 aliquantulum
1151 2745 1210 2816 ri-

121 2867 236 2938 vendo
256 2877 444 2956 provectus
466 2886 566 2936 sum:
591 2875 795 2957 tantumque
821 2864 910 2935 inter
936 2868 1025 2939 hano
1048 2876 1084 2937 et
1108 2867 1207 2940 illam

121 2999 260 3060 aetatem
294 2987 413 3069 refert,
444 2985 540 3076 quod
571 2996 653 3057 tunc
684 2985 795 3056 doctis
828 2986 932 3072 viris,
969 2998 1007 3060 ut
1038 2989 1207 3081 praefatus

121 3133 233 3194 eram,
259 3119 411 3181 nuncet
437 3107 504 3177 illis
532 3106 676 3177 etmihi
702 3116 738 3177 et
755 3110 982 3203 experientiae
1008 3109 1111 3182 fidem
1132 3111 1205 3185 do:

122 3245 203 3304 tunc
236 3244 316 3303 ante
336 3227 588 3326 prospiciebam
606 3230 641 3299 in
659 3229 776 3301 limine
792 3231 956 3304 dubitans
977 3233 1206 3327 incertusque

122 3358 249 3426 animi:
282 3377 373 3425 nunc
405 3365 484 3424 ante
517 3363 678 3442 retroque
705 3354 894 3444 respiciens
919 3354 1014 3447 quod
1041 3354 1204 3445 legebam

122 3478 239 3559 video,
261 3476 355 3566 quod
377 3472 578 3564 suspicabar
597 3475 771 3568 experior.
802 3477 913 3547 Video
938 3499 994 3547 me
1021 3476 1065 3548 ad
1094 3474 1203 3551 finem

122 3612 215 3670 lanto
235 3598 366 3689 impetu
386 3594 626 3688 propinquare,
642 3609 772 3686 quanto
785 3620 829 3668 ne
841 3598 908 3668 dici
922 3599 1062 3691 quidem
1077 3599 1202 3691 possit,

121 3741 186 3789 nec
206 3718 304 3788 facile
325 3716 467 3810 captari.
489 3715 563 3787 Non
585 3715 670 3785 milri
691 3728 811 3808 poetae,
835 3740 898 3791 nec
913 3721 1204 3814 philosophiqui-

121 3842 198 3912 dem
222 3863 349 3911 munus
370 3842 414 3911 ad
437 3841 525 3910 hanc
546 3861 640 3910 rem:
663 3840 738 3932 ipse
756 3839 840 3911 mihi
859 3842 965 3924 testis,
986 3844 1061 3935 ipse
1078 3854 1203 3918 auctor

122 3961 277 4033 idoneus.
300 3963 403 4033 llrevi
425 3973 578 4034 mutatus
598 3962 681 4045 oris,
702 3983 765 4032 nec
782 3962 899 4032 minus
916 3963 1021 4032 animi
1039 3964 1197 4050 habitus,

122 4084 241 4156 mutati
275 4105 405 4167 mores,
439 4095 583 4157 mutalae
606 4104 716 4169 curae,
744 4092 874 4156 mutata
906 4081 1042 4155 studia:
1070 4084 1115 4155 nil
1141 4099 1199 4158 est
