2670 4688
252 267 344 314 mrsu
367 265 894 316 urcssruusucumus.—urusruuu
917 267 979 315 mu.
1100 254 1160 316 245

81 410 199 491 stavit,
234 429 409 500 nunquam
437 406 516 478 linis
544 409 726 481 obscurior
760 412 853 481 claro
888 412 1054 503 principio
1085 410 1161 482 illu-

81 540 211 602 stratus
230 541 295 602 est.
322 532 475 623 [lenique
497 531 526 602 si
548 532 697 623 coeperis
725 541 762 603 ut
786 531 978 618 doluimus,
1000 533 1084 604 dum
1110 534 1161 607 sic

81 651 182 723 finias
205 662 241 723 ut
266 665 439 746 optamus,
468 651 564 723 Fabii
585 653 727 726 Maximi
750 675 874 725 nomeu
896 654 1159 747 promereberis.

81 775 268 866 Cunctutor
287 776 409 860 lucris,
434 775 497 846 sed
518 777 676 869 sapiens,
697 774 760 847 sed
779 775 902 848 salutis
920 775 1069 869 puhlicae
1086 789 1161 849 stu-

80 898 212 970 diosior
231 919 337 989 quum
358 897 514 987 vulgaris
535 899 648 969 lamae.
669 898 713 969 Ut
734 897 818 969 libet
834 919 872 970 se
892 898 952 969 tibi
970 900 1161 991 praetulerit

80 1032 224 1092 ventosa
247 1019 455 1111 loquacitate
474 1020 656 1104 minutius,
678 1020 760 1092 dum
783 1043 821 1092 re
841 1021 985 1094 edoctus
1013 1043 1095 1091 mox
1122 1041 1161 1093 se

79 1143 247 1235 imparem
269 1144 429 1224 latentur,
457 1140 573 1213 dicent
597 1143 643 1213 de
669 1154 701 1213 te
733 1144 853 1214 hostes
879 1143 972 1234 impii
998 1143 1092 1234 quod
1117 1143 1162 1215 dc

80 1266 137 1336 illo
169 1263 259 1335 dixit
291 1263 483 1335 Hannibal:
511 1284 649 1356 semper
675 1265 890 1336 credidimus
915 1264 1046 1335 nubem
1068 1267 1159 1337 illurn

79 1409 208 1477 magno
229 1388 356 1457 tonitru
377 1409 397 1458 e
416 1385 592 1459 montibus
613 1399 826 1480 erupturam.
853 1387 899 1457 Αι
927 1388 972 1470 si,
994 1389 1089 1480 quod
1109 1389 1161 1459 di—

79 1511 161 1579 vina
184 1509 293 1600 pietus
314 1529 416 1580 omen
437 1510 587 1593 auferat,
615 1506 693 1580 finis
717 1531 858 1601 quoque
881 1510 1066 1596 languidus
1087 1512 1162 1582 lue·

80 1631 139 1716 rit,
166 1632 246 1722 quis
273 1643 306 1702 le
333 1653 485 1723 unquam
512 1634 567 1703 vel
594 1632 818 1724 praesentium
853 1636 909 1704 vel
943 1632 1159 1725 sequentium

79 1773 252 1823 excusare
264 1752 411 1844 poterit?
430 1749 523 1823 Audi
543 1774 607 1836 me,
631 1773 704 1836 oro,
727 1753 861 1836 Caesar,
881 1776 1026 1847 parvum
1050 1753 1161 1824 homi·

79 1896 157 1945 nem
181 1874 244 1945 sed
265 1875 314 1944 tui
336 1884 529 1958 umentem,
550 1875 594 1946 de
616 1885 649 1947 te
682 1875 854 1946 solicitum
881 1898 922 1946 nc
950 1886 1158 1967 sperantem.

78 1997 220 2067 Naturae
248 1995 385 2067 debitur
417 2018 486 2066 nou
519 1997 619 2068 aliter
645 2017 684 2068 es
709 2018 814 2090 quam
843 2019 926 2088 ch,
954 2018 1058 2089 quum
1083 1997 1161 2088 qui-

77 2139 226 2210 cumque
244 2140 333 2189 uuus
353 2141 374 2190 e
395 2121 531 2212 populo.
555 2120 705 2212 Tempus
726 2120 835 2211 lugux
855 2130 890 2190 ct
910 2140 979 2191 uon
1000 2117 1158 2201 rediens,

78 2244 216 2311 fortuna
250 2238 436 2326 instabilis,
470 2240 543 2312 vitu
575 2239 709 2324 brevis,
744 2241 831 2313 horu
863 2241 985 2312 mortis
1011 2240 1158 2319 incerta,

78 2384 185 2433 unum
206 2362 261 2432 hic
278 2362 420 2433 remedii
439 2385 565 2453 genus
587 2363 733 2456 tempori
752 2386 905 2456 parcere,
926 2366 1073 2434 fortunae
1092 2386 1159 2434 non

79 2479 199 2565 fidere,
222 2483 330 2552 vitam
352 2483 457 2552 rebus
478 2485 686 2568 extendere,
713 2485 815 2555 morti
840 2497 999 2575 puratum
1021 2507 1160 2576 semper

78 2625 205 2695 corpus
230 2613 335 2695 alque
361 2601 514 2673 animum
541 2603 694 2675 habere:
727 2602 821 2696 quod
855 2624 925 2673 nou
958 2615 1074 2694 potest
1099 2605 1160 2695 qui

79 2748 183 2796 suum
216 2723 405 2820 principale
438 2724 614 2815 negotium
654 2747 721 2797 nou
760 2724 926 2817 implevit.
959 2726 1049 2794 Vitae
1080 2724 1158 2796 finis

78 2848 240 2939 quumvis
275 2848 428 2918 incertus
462 2847 519 2931 sit,
556 2848 639 2920 illud
679 2860 793 2919 tamen
815 2856 870 2917 est
891 2845 1040 2929 certum,
1063 2847 1159 2939 quod

78 2974 180 3062 longe
200 2994 281 3042 esse
302 2993 370 3042 uon
392 2981 515 3064 potest.
537 2971 571 3041 ls
591 2993 670 3042 cum
693 2970 836 3053 venerit,
851 2991 870 3040 e
885 2970 1019 3041 cunctis
1033 2971 1159 3065 opibus

78 3094 147 3162 tuis
173 3104 277 3186 aulus
302 3094 437 3188 imperii
459 3095 505 3164 nil
527 3094 588 3165 tibi
609 3093 796 3186 supererit,
825 3093 892 3163 nisi
918 3105 1087 3184 quantum
1112 3091 1159 3181 ud

77 3224 244 3285 aelernam
266 3216 391 3286 nnimae
414 3218 518 3286 vitum
540 3224 576 3285 et
595 3216 745 3286 nominis
764 3214 992 3285 immortalem
1012 3213 1157 3304 glorium

78 3337 167 3407 bene
187 3335 338 3407 vivendo
354 3337 548 3428 quaesieris.
569 3338 664 3407 Bene
682 3348 798 3407 aulem
819 3337 939 3407 vivere
956 3358 1024 3406 nun
1044 3344 1158 3428 potest

77 3462 137 3554 qui
159 3458 202 3543 id,
225 3458 270 3530 ad
288 3458 382 3550 quod
406 3480 511 3529 unum
533 3468 567 3530 el
588 3480 764 3529 summum
785 3472 821 3527 ct
841 3458 1033 3528 maximum
1055 3468 1156 3525 natus

76 3595 145 3666 est,
180 3581 334 3673 negligit.
363 3581 413 3650 Tu
438 3580 534 3672 quod
559 3582 640 3652 olim
666 3577 755 3663 dixi,
789 3580 835 3651 ad
871 3580 1056 3671 imperium
1096 3600 1158 3648 na-

80 3719 134 3778 tus
160 3728 211 3790 es,
243 3705 394 3795 amplum
422 3705 675 3795 excelsumque
701 3723 811 3796 opus:
843 3701 926 3771 illud
966 3722 1032 3790 age
1072 3699 1158 3772 fide-

79 3831 166 3912 liter,
193 3829 281 3898 bene
303 3827 331 3896 si
355 3825 489 3896 vixisse
518 3825 570 3893 vis
599 3823 731 3894 videri:
763 3823 916 3915 alioquin
952 3823 1034 3914 quid
1062 3822 1158 3893 iuvat

78 3954 154 4022 illus
176 3961 253 4023 tuas
276 3950 415 4021 ultimus
434 3946 554 4018 mundi
572 3945 676 4017 horus
694 3946 934 4039 composuisse
953 3944 1157 4038 magnifice?

78 4076 148 4145 llnc
166 4087 199 4144 el
218 4075 292 4146 sine
309 4072 455 4166 imperio
469 4071 652 4163 potuisses,
669 4080 704 4140 ct
718 4073 864 4141 fortusse
880 4070 1024 4141 lucilius.
1042 4071 1155 4140 Minus
