2670 4688
247 279 340 330 ornan
362 280 527 331 rrcesmus
548 277 936 330 sacunous.—›ar1srom
959 279 988 327 v.
1108 267 1165 330 l35

83 423 133 492 tui
152 422 256 492 animi
277 443 361 494 cura
384 431 450 493 tam
479 420 642 506 humilis,
664 430 700 490 et
720 419 791 492 sia
814 431 846 490 te
868 412 1020 492 reiicitur
1046 443 1165 515 reper-

82 552 158 615 tura
171 543 270 626 alios,
283 555 320 616 et
332 547 458 636 cuique
473 543 598 614 melius
612 541 788 613 credenda
800 561 905 633 quam
924 541 996 610 tibi.
1011 541 1165 615 Ostende

82 664 237 737 Pontifici
258 679 291 737 te
316 689 383 738 noo
404 687 508 760 posse
535 664 630 756 quod
655 674 805 758 poteras.
832 664 986 736 Ostende
1005 675 1041 736 et
1061 687 1165 758 posse

82 789 170 859 alios
191 801 226 860 et
250 799 371 880 optare
392 788 486 880 quod
512 799 549 858 tu
569 788 673 879 iugis.
700 787 767 858 Ora
790 797 828 858 ut
848 785 916 859 illis
941 796 1058 883 optata
1078 789 1166 858 mili-

82 910 137 992 tia,
160 910 220 980 tibi
241 909 358 980 debita
376 909 557 980 vacatione
577 909 781 1001 provideat:
800 908 950 1001 denique
966 917 1166 981 constanter

80 1053 181 1122 nega.
204 1032 314 1101 Pluris
337 1033 393 1102 ille
417 1043 450 1102 te
471 1033 587 1103 faciet:
610 1046 645 1102 et
666 1031 696 1100 si
717 1032 890 1123 repulsam
911 1030 1038 1117 oderit,
1059 1033 1165 1104 virtu·

82 1162 148 1222 tem
169 1152 288 1244 diliget
304 1155 602 1247 constantiamque
620 1151 812 1236 mirabitur,
828 1175 869 1223 ac
883 1173 1006 1243 rogare
1020 1152 1165 1224 desinet.

81 1275 211 1344 Verum
246 1287 301 1347 est
325 1276 416 1348 enim
451 1276 736 1347 declamatorium
764 1275 848 1346 illud
878 1274 972 1369 apud
998 1275 1165 1346 Senecam

80 1418 176 1465 nemo
206 1401 336 1486 sort-iter
368 1409 541 1487 repentem
571 1399 691 1468 iterum
726 1399 866 1486 ropaot't.
900 1397 982 1466 Haec
1016 1393 1075 1465 tibi
1108 1397 1167 1466 tali

81 1519 170 1602 viro,
193 1521 386 1592 clarissime
408 1521 490 1592 mihi
512 1523 613 1593 Pater
632 1532 667 1592 et
687 1521 879 1603 carissime,
907 1543 976 1591 non
998 1519 1174 1622 auderem,
1203 1538 1209 1549 ·

81 1643 184 1734 loqui,
208 1644 273 1713 nisi
297 1644 388 1715 illinc
409 1635 580 1717 mbdestia
600 1653 636 1714 et
656 1642 855 1713 humanitas
879 1651 947 1728 tna,
969 1642 1049 1715 hinc
1066 1663 1166 1714 meus

81 1788 185 1848 amor,
210 1788 286 1836 mea
306 1765 404 1851 fides,
428 1770 534 1848 zelus,
557 1786 666 1858 pavor
683 1764 816 1837 animos
834 1765 968 1836 darent.
988 1765 1058 1834 Has
1074 1764 1166 1835 enim

81 1889 380 1979 peregrinationes
403 1904 480 1959 tuas
508 1899 576 1959 tam
603 1886 744 1958 crebras
772 1896 841 1958 tam
861 1886 1021 1959 dilliciles
1045 1886 1168 1958 simul-

82 2030 150 2102 que
173 2021 242 2081 tam
264 2011 386 2101 longas
405 2031 445 2081 ac
466 2012 647 2100 longaevas
669 2020 801 2094 metuo,
824 2018 859 2080 et
880 2019 992 2080 morte
1013 2009 1111 2100 peius
1132 2006 1167 2077 in

79 2154 150 2224 quo
162 2133 236 2226 ipso
246 2132 621 2227 periclitorpericulum
636 2140 734 2204 tuum
742 2131 811 2204 odi.
826 2129 995 2214 subsiste,
1007 2129 1165 2214 obsecro,

83 2266 218 2347 tempus
244 2266 309 2326 est.
338 2256 475 2339 Quanto
501 2266 617 2326 autem
644 2277 737 2327 nunc
763 2267 796 2326 te
822 2253 963 2328 videndi
989 2254 1166 2329 desiderio

80 2378 200 2449 trahar
220 2379 414 2470 promptius
441 2377 501 2447 tibi
528 2376 713 2467 cogitando
733 2379 851 2460 luerit,
877 2399 984 2469 quam
1005 2379 1089 2449 mihi
1116 2381 1167 2449 lo

82 2498 222 2590 quendo
252 2498 403 2587 assequi.
432 2497 487 2566 Ab
516 2500 617 2568 annis
644 2499 774 2568 teneris
800 2498 894 2569 intus
919 2513 953 2570 et
978 2510 1080 2571 extra
1106 2498 1167 2569 tibi

82 2617 245 2707 cognitus
270 2615 356 2709 quid
382 2638 402 2686 a
430 2629 461 2686 te
489 2627 643 2687 semotus
658 2617 736 2688 'hoc
761 2621 942 2710 septennio
966 2619 1168 2710 profecerim

83 2735 207 2809 dicam.
235 2735 412 2829 Siquidem
439 2759 517 2808 enm
545 2738 612 2806 iam
640 2747 728 2833 aetas
760 2738 860 2809 vanis
886 2737 1063 2810 amoribus
1095 2739 1168 2810 fere

81 2862 196 2932 omnia
230 2860 460 2946 subtraxerit,
499 2858 670 2932 infinitum
708 2859 874 2953 quiddam
911 2860 1003 2934 iusto
1035 2860 1168 2935 addidit

79 2983 200 3053 amori.
222 2984 385 3055 Solebam
411 2983 527 3055 mirari
550 2987 658 3055 multa
678 3003 761 3076 quae
786 3006 878 3055 nunc
898 3005 1040 3078 sperno,
1068 3005 1166 3076 quae-

80 3104 160 3175 dam
181 3126 299 3177 amare
319 3127 399 3200 quae
420 3129 511 3178 nunc
531 3107 646 3190 ardeo,
671 3105 808 3200 itaquo
834 3106 950 3178 senior
971 3109 1005 3179 in
1026 3106 1103 3180 dies
1124 3126 1167 3176 eo

82 3225 163 3296 hinc
179 3229 357 3318 algentior,
375 3229 453 3299 hinc
465 3228 640 3300 ardentior
654 3227 700 3299 fio
714 3230 778 3322 (liic
790 3225 908 3299 desunt
920 3226 1107 3317 nonnullo).
1122 3227 1167 3301 Et

81 3350 240 3421 fortassis
262 3350 415 3441 implebit
434 3350 498 3419 hoc
518 3350 790 3442 pulcherrimum
814 3351 1028 3423 desiderium
1050 3370 1166 3421 meum

81 3475 187 3555 Dens,
200 3483 281 3542 ante
293 3493 397 3562 quam
412 3472 547 3554 moriar,
557 3471 713 3565 dumque
726 3476 841 3546 minus
856 3473 1069 3568 expectabor
1083 3474 1166 3545 ade·

82 3617 130 3666 ro.
144 3593 214 3663 Oh!
237 3594 266 3664 si
285 3593 374 3663 inter
393 3592 527 3665 libellos
545 3605 624 3667 tuos
645 3597 858 3691 improvisus
875 3596 1024 3678 exoriar‚
1043 3596 1109 3666 olr!
1131 3602 1163 3671 si

82 3718 231 3790 herbosa
246 3716 280 3786 in
294 3716 367 3810 ripa
382 3717 456 3810 puri
471 3718 594 3804 amnis,
608 3721 669 3790 oh!
688 3723 715 3790 si
731 3723 800 3792 alta
816 3719 884 3791 sub
897 3740 983 3812 rupe
996 3718 1090 3791 unde
1104 3719 1166 3791 ille

81 3853 200 3913 nostor
220 3851 317 3913 tanto
332 3863 411 3912 cum
434 3863 613 3913 murmure
631 3843 775 3913 fontium
798 3864 862 3913 rex
879 3844 1050 3936 erumpit!
1075 3843 1166 3914 lnte·

79 3964 145 4038 rim
166 3966 327 4038 Socrates
350 3985 450 4034 meus
473 3962 518 4033 ibi
540 3972 605 4045 est,
630 3964 804 4035 imovero
825 3964 985 4038 Socrates
1008 3978 1100 4039 tuus.
1123 3965 1165 4034 ll-

56 4088 151 4159 vlum
173 4109 294 4183 precor
316 4098 353 4161 ut
378 4089 473 4171 lacis,
496 4098 532 4159 ot
556 4088 590 4157 in
616 4086 675 4158 illo
696 4110 751 4161 mo
772 4087 882 4160 solitis
903 4090 1035 4181 paterni
1058 4089 1164 4161 animi

383 4364 398 4400 Ι
