2670 4688
294 275 387 324 traua
409 273 722 326 ucasruusrrnrros.
736 278 937 330 -urrsroua
960 280 1022 328 ιιιιι.
1154 266 1208 330 ill

134 418 240 488 multa
263 438 358 511 saepa
380 419 547 511 rapuerit,
566 440 633 511 ego
654 417 721 490 sibi
738 440 808 492 non
825 423 932 515 rapui,
951 424 1015 497 sed
1034 426 1210 499 modicum

133 538 360 612 inadvertens
382 542 453 613 tuli.
475 543 570 613 Vale.

272 696 373 766 Ticini,
390 698 423 752 V.
440 697 579 753 Kalendas
593 697 773 754 Novembres.

548 1083 723 1149 EPISTULA
744 1086 801 1149 llll.

130 1248 324 1299 rnauorscus
345 1248 514 1298 urrannei
535 1247 711 1301 rnancrsco
733 1250 839 1299 anuno
861 1252 1062 1303 ruoaaurmo
1085 1254 1111 1302 s.
1129 1255 1156 1304 r.
1180 1257 1210 1304 n.

223 1393 318 1462 ignoto
333 1412 366 1449 ex
380 1395 494 1450 alterius
508 1395 648 1450 voluntate
662 1393 769 1463 scribit,
785 1400 814 1449 et
828 1411 858 1449 se
872 1395 977 1466 profert
991 1396 1120 1452 amicum.

227 1634 286 1704 Sat
308 1655 486 1724 magnum,
508 1635 564 1704 vir
584 1635 742 1724 egregie,
772 1636 838 1704 iam
869 1633 948 1702 hine
975 1643 1044 1704 tuae
1072 1633 1210 1706 virtutis

129 1765 373 1844 argumentum
396 1754 508 1827 habeo
528 1757 620 1826 illius
643 1755 853 1847 magnanimi
873 1755 939 1825 viri
963 1755 1124 1839 verbum,
1152 1756 1208 1826 cui

127 1877 242 1948 omnia
263 1877 459 1961 crederem,
482 1880 542 1970 qui
562 1900 674 1971 nuper
698 1876 799 1948 nobis
826 1876 985 1949 redditus
1011 1883 1208 1966 magnoque

128 1997 212 2069 mihi
246 2022 308 2093 pro
341 2021 485 2071 munere
519 2000 600 2072 novi
634 2023 760 2072 nomeu
790 2000 939 2071 afferens
970 1999 1085 2080 amici,
1120 1997 1209 2068 inter

127 2124 236 2193 multa
256 2122 301 2193 de
327 2132 372 2205 le,
399 2144 503 2213 quem
531 2123 633 2195 valde
658 2124 770 2214 diligit
803 2135 839 2193 et
870 2143 972 2214 quem
995 2118 1120 2213 cupide
1147 2141 1209 2191 no-

128 2243 248 2325 minat,
278 2243 344 2314 hoc
374 2245 478 2316 etiam
504 2245 616 2329 dixit,
643 2258 764 2337 optare
796 2255 828 2316 te
859 2243 1043 2317 amicitiam
1071 2262 1205 2313 meam:

126 2363 209 2455 quin
230 2375 265 2435 et
286 2387 328 2434 an
351 2366 538 2457 aliquando
559 2389 616 2437 me
637 2365 1041 2458 viderisquaerentibus,
1061 2384 1209 2456 respon-

126 2486 211 2557 dere
231 2487 368 2556 solitum
390 2497 425 2556 et
445 2487 579 2557 vidisse
600 2499 637 2558 et
657 2489 724 2557 mei
748 2488 904 2557 notitiam
931 2486 1075 2571 babere,
1102 2499 1208 2581 atque

126 2607 194 2676 hoc
216 2604 447 2678 urbanissimo
469 2608 652 2678 mendacio
679 2628 774 2702 saepe
802 2608 970 2678 hactenus
997 2608 1122 2701 pudori
1147 2619 1207 2681 tuo

125 2727 366 2798 consuluisse:
390 2728 493 2820 quasi
515 2736 548 2799 te
568 2728 698 2821 pudeat
718 2749 774 2798 me
794 2750 860 2799 uon
874 2749 978 2799 nosse
992 2741 1206 2802 coaetaneum

125 2859 161 2920 et
185 2852 362 2922 concivem
391 2859 501 2935 tuum,
530 2873 634 2943 quem
666 2862 702 2922 et
731 2849 930 2922 nonnullius
960 2852 1057 2944 pretii
1083 2853 1206 2935 facias,

125 2984 162 3042 et
186 2994 283 3044 ames
306 2972 529 3064 incognitum.
556 2973 715 3046 Gratulor
745 2969 884 3043 affectui
906 2979 976 3054 tuo,
998 2982 1034 3043 et
1053 2973 1206 3064 ingenuo

125 3098 281 3183 gratulor
300 3097 421 3169 errori.
443 3098 519 3167 Non
539 3107 594 3169 est
615 3095 727 3191 turpis
747 3118 846 3168 error
866 3105 901 3168 et
921 3096 1065 3188 pulchra
1090 3093 1206 3167 oriens

126 3216 254 3288 radice.
288 3218 417 3289 Natura
439 3220 532 3290 mitis
559 3229 663 3313 atque
685 3219 730 3289 ad
751 3219 938 3288 amandum
962 3239 1070 3311 prona
1096 3239 1204 3307 mena,

124 3341 252 3412 multos
280 3341 358 3411 lecit
384 3344 420 3413 in
444 3342 571 3414 iudicio
596 3365 714 3414 rerum
746 3342 824 3414 labi.
859 3341 976 3414 Satius
1009 3355 1064 3415 est
1088 3350 1206 3413 autem

124 3485 242 3535 amare
274 3464 402 3532 multos
436 3465 640 3550 immeritos,
675 3488 779 3558 quam
820 3488 927 3537 unum
952 3465 1206 3538 benemeritam

124 3606 193 3656 non
226 3606 354 3656 amare.
390 3586 516 3657 institit
537 3609 622 3658 sane
647 3587 703 3658 ille
729 3589 798 3667 vir,
827 3598 866 3657 ut
893 3587 951 3658 tibi
975 3588 1031 3658 tali
1055 3588 1144 3669 viro,
1171 3597 1207 3658 et

123 3732 207 3799 erga
233 3732 288 3780 me
317 3710 367 3779 sic
393 3709 531 3792 allecto,
565 3712 696 3801 quique
729 3709 845 3780 neseio
872 3732 935 3780 cur
960 3708 1095 3802 primus
1122 3708 1203 3778 milri

125 3831 276 3905 scribere
296 3832 469 3914 vereariS,
491 3829 659 3901 familiare
686 3830 816 3921 aliquid
841 3831 1045 3902 scriberem.
1073 3830 1204 3922 Negavi

124 3954 179 4022 vel
202 3954 376 4026 scribendi
398 3953 576 4024 materiam
602 3949 743 4034 adesse,
772 3954 828 4023 vel
853 3956 967 4027 solere
989 3974 1046 4024 me
1066 3952 1204 4043 ignotos

124 4074 242 4146 verbis
275 4077 436 4168 aggredi:
476 4075 591 4167 itaque
624 4077 733 4146 lerme
766 4074 935 4169 quidquid
972 4072 1204 4169 epistolariter

249 4206 284 4244 ιιι.
1022 4194 1052 4243 to
