2670 4688
524 293 674 342 urrsroun
697 295 781 343 xxru.
1125 279 1183 342 alo

115 435 263 519 derium,
285 436 352 505 nisi
378 435 459 528 quia
483 445 594 506 status
619 437 687 506 mei
711 437 866 529 corporis
891 458 958 506 non
986 435 1077 507 sinit.
1099 435 1184 506 Gra-

115 556 249 628 tissima
281 565 395 629 tameu
427 556 542 628 animo
566 578 644 630 meo
668 569 724 627 est
748 556 836 629 baec
861 579 944 629 vere
971 556 1094 630 nobilis
1126 579 1182 629 oa-

116 679 200 750 ritas
217 689 335 750 vestra
355 677 438 750 mihi
456 679 576 770 utique
594 699 740 774 prorsus
761 678 928 752 indebita:
946 678 1048 751 vobis
1067 688 1182 752 autem

115 799 336 892 magnificum
369 800 452 872 nihil
478 799 689 886 indebitum,
721 800 784 874 scd
813 823 915 873 suum
941 822 983 873 ac
1007 803 1181 896 proprium

114 935 307 1016 naturaque
330 925 471 995 insitum
496 921 608 994 videri
634 922 748 995 debet.
775 926 870 996 lllam
894 924 940 995 de
966 945 1022 995 me
1046 945 1181 1008 curam,

114 1049 161 1118 mi
186 1046 338 1131 domine,
372 1044 518 1136 fidenter
544 1044 721 1138 deponite3
744 1047 907 1139 quoniam
934 1068 1003 1118 uon
1029 1047 1183 1118 Venetiis

115 1191 179 1240 nec
205 1168 334 1240 Paduae
360 1190 460 1252 sum,
492 1168 555 1240 sed
580 1169 669 1240 inter
693 1171 797 1240 colles
823 1172 1008 1263 Euganeos
1042 1172 1077 1241 in
1106 1172 1181 1244 loco

115 1290 301 1363 admodum
322 1291 515 1363 delectabili
541 1314 581 1362 ac
606 1290 752 1363 salubri:
773 1291 817 1363 ad
842 1315 946 1386 quem
973 1305 1008 1364 et
1030 1282 1181 1366 locorum

114 1416 229 1508 specie
249 1422 386 1508 captus,
405 1426 441 1484 et
460 1412 526 1484 mei
548 1435 663 1486 amore
684 1426 814 1486 tractus
831 1413 1037 1507 magnificus
1054 1413 1182 1487 Paduae

113 1538 274 1610 dominus
296 1557 390 1632 saepe
411 1535 506 1607 venit
526 1557 587 1628 per
607 1558 711 1629 quam
731 1537 954 1632 familiariter,
977 1547 1013 1609 et
1031 1538 1183 1610 morulas

113 1661 226 1732 trahit.
248 1662 372 1733 Essem
393 1671 508 1732 tamen
529 1660 705 1752 aliquanto
725 1660 886 1733 libentius
906 1681 977 1754 quo
1001 1682 1057 1732 me
1082 1671 1185 1732 vocat

111 1797 231 1856 vestra
251 1783 465 1875 benignitas:
487 1781 549 1855 sed
572 1785 691 1855 venire
717 1785 782 1856 hoo
807 1805 896 1879 opus
922 1782 978 1856 hic
1001 1783 1098 1855 labor
1117 1794 1183 1855 est.

112 1909 194 1977 Haeo
219 1908 399 1978 hacteuus.
422 1904 620 1978 Transitum
645 1907 753 1980 lelicis
780 1909 955 1980 memoriae
977 1905 1183 1978 venerabilis

112 2051 153 2101 ac
173 2029 323 2113 dilectae,
346 2031 424 2101 licet
447 2030 531 2101 facie
552 2029 736 2122 incognitae
755 2028 906 2100 dominae
930 2049 1019 2100 meae
1042 2040 1077 2100 et
1101 2049 1183 2100 con·

113 2153 217 2224 sortis
234 2165 379 2238 vestrae,
399 2151 600 2246 iampridem
619 2161 765 2225 moestus
783 2150 961 2223 audieram
967 2204 1021 2222 .....
1040 2151 1185 2222 Recum-

111 2276 237 2346 mendo
251 2296 305 2345 me
321 2272 503 2366 magnifico
518 2288 641 2369 patruo
658 2285 792 2348 vestro:
806 2277 893 2348 alter
905 2275 1068 2347 domiuus
1084 2291 1184 2345 meus

109 2399 215 2467 frater
231 2408 365 2480 vester,
380 2419 442 2488 per
461 2419 501 2468 ea
520 2419 600 2488 quae
621 2399 705 2468 mihi
722 2399 929 2491 significavit
950 2398 1055 2471 credo
1076 2398 1182 2490 Alpes

113 2517 296 2587 transierit.
320 2519 449 2588 Valete.

252 2653 400 2726 Arquadae‚
415 2653 460 2708 die
474 2654 564 2726 prima
578 2656 757 2727 Septembris.

495 3039 672 3104 EPISTOLA
693 3039 797 3105 XXXII.

238 3200 430 3258 franciscus
452 3203 619 3252 PETRXRCA
641 3203 737 3253 naulo
757 3205 910 3255 nonnullo
931 3206 957 3255 S.
980 3207 1007 3254 1¹.
1029 3206 1059 3254 D.

109 3324 252 3396 l'itupcrat
267 3343 326 3382 eam
343 3330 480 3384 scribendi
494 3331 629 3385 rationem
649 3348 704 3402 qua
726 3348 813 3386 unum
827 3332 927 3404 plurali
949 3348 1068 3388 numero
1092 3345 1184 3386 receu-

198 3417 282 3472 liores
303 3419 491 3489 alloquuulur.
506 3420 623 3473 Paulum
639 3420 901 3476 Annibaldeschium
925 3423 1018 3494 pusilli
1041 3419 1125 3476 animi
1142 3435 1184 3474 ac·

195 3511 272 3560 cusal
286 3508 360 3578 quod
375 3508 472 3563 ob‘lilii
486 3515 605 3564 mortem
619 3511 714 3566 dolore
729 3512 869 3568 conlectus
883 3513 984 3585 etipse
999 3511 1106 3568 obierit.

206 3747 322 3818 lllirari
348 3770 454 3841 cogor
475 3752 509 3820 iu
531 3752 635 3822 tantis
658 3751 940 3846 occupationibus
966 3753 1049 3836 tuis,
1072 3753 1107 3824 in
1128 3751 1182 3824 his

112 3872 272 3946 lluctibus
294 3895 410 3944 rerum
433 3875 663 3945 maximarum
681 3897 769 3967 quos
790 3874 835 3946 ab
855 3877 1015 3967 aquilone
1036 3877 1180 3948 veniens

110 4018 224 4070 novus
245 3998 361 4069 Caesar
383 3998 516 4069 invexit
531 3998 654 4083 ltaliae,
677 4011 712 4070 et
732 4020 878 4093 quorum
900 4009 935 4072 te
956 4001 1056 4073 valde
1076 4001 1181 4096 purti-

109 4118 218 4212 ripcm
242 4133 299 4194 tua
320 4144 397 4194 sors
424 4123 518 4205 lacit,
542 4123 630 4195 hanc
653 4133 780 4196 tantam
808 4125 893 4197 meis
919 4124 951 4194 in
978 4123 1082 4197 robus
1103 4123 1180 4195 dili-
