2670 4688
464 325 617 378 srrsrotl
639 328 689 378 nu.
1027 396 1032 406 ³
1075 316 1132 378 tol

59 480 170 564 pater,
192 467 285 562 apud
302 487 521 540 communem
542 464 721 539 dominum
741 469 775 540 in
796 489 867 562 qno
895 470 970 564 spei
1000 489 1134 554 ancora,

56 602 93 663 et
112 591 208 684 quod
228 588 368 683 proprie
384 588 486 660 titulo
506 609 571 661 suo
590 591 770 674 convenit,
798 612 915 662 rerum
937 600 1135 673 nostrarum

58 713 165 785 cardo
177 711 345 796 consistit,
353 731 474 806 preces
490 731 589 783 meas
600 710 630 782 si
642 712 798 783 savorem
809 719 987 783 merentur
997 694 1135 797 adiuva,

59 836 113 906 sin
134 837 249 906 minus
267 854 410 906 excusa.
430 832 475 904 Ut
495 833 587 904 enim
610 833 776 924 magister
796 853 954 906 amorum
974 832 1038 905 ait:

301 1022 381 1094 Quid
397 1021 500 1086 deceat
515 1035 577 1084 non
594 1019 677 1086 ridet
692 1019 774 1100 nllus
790 1035 905 1085 amans.

59 1200 148 1270 Amo
168 1218 236 1290 ego
257 1218 336 1282 vos,
360 1196 408 1268 ita
429 1217 484 1267 me
504 1195 560 1266 ille
581 1195 729 1267 amelin
750 1193 851 1266 cuius
868 1215 985 1266 amore
1001 1216 1137 1268 summa

58 1321 204 1392 felicitas
217 1329 272 1392 est
293 1320 371 1391 sita:
393 1341 483 1403 amo,
505 1317 655 1409 inquam,
673 1325 711 1390 el
728 1338 898 1401 veneror,
911 1327 1138 1411 vestramque

58 1441 281 1536 praesentiam
301 1440 442 1512 eximiis
461 1437 662 1531 praecordiis
673 1440 892 1533 concupisco.
913 1442 1136 1533 ltaquetlum

58 1576 141 1638 voto
161 1587 238 1638 meo
257 1563 442 1656 obsequor,
465 1572 584 1635 vestra
604 1565 722 1635 forsan
742 1562 881 1635 fastidia
894 1584 962 1636 non
976 1564 1134 1637 adverto.

55 1688 93 1759 Si
114 1687 198 1780 qnid
219 1684 449 1779 importunius
469 1684 594 1776 agitur,
616 1683 683 1756 hoc
693 1706 773 1768 me,
796 1706 931 1778 precor,
952 1684 1135 1757 absolvat:

56 1808 183 1878 intensi
209 1807 301 1877 enim
328 1805 471 1878 affectus
499 1805 573 1897 regi
594 1804 766 1887 nesciunt,
797 1807 945 1878 lraenum
964 1805 1134 1878 mordent.

55 1928 245 2022 Epistolam
271 1927 318 1998 illi
344 1928 543 2020 inscriptam
569 1929 732 2019 quamvis
752 1929 1017 2019 longiusculam,
1036 1929 1137 2021 plura

56 2059 173 2121 tamen
194 2049 345 2121 volentis
366 2049 484 2122 dicere
504 2048 611 2121 animi
632 2049 804 2133 nunciam,
818 2049 1059 2122 efficacissima
1073 2071 1136 2122 vo·

56 2171 107 2244 cis
138 2183 206 2243 tnae
238 2171 442 2244 auctoritate
467 2170 656 2256 confirma,
692 2173 945 2266 interpretare,
975 2171 1135 2246 iustifica.

55 2293 178 2366 Paucis
217 2293 311 2365 enim
348 2293 530 2365 versiculis
569 2313 742 2364 summam
783 2292 842 2365 tihi
876 2317 966 2368 meae
1009 2296 1136 2367 mentis

56 2415 184 2505 aperio.
223 2414 360 2484 Praesta
401 2423 434 2483 te
480 2412 562 2483 milri
608 2435 651 2485 ne
692 2416 821 2484 frustra
868 2418 1136 2508 praeoptauerim

56 2532 152 2626 quod
179 2532 358 2603 hominum
395 2553 522 2624 magna
549 2554 629 2625 pars
658 2534 796 2619 metuit,
829 2535 1020 2620 silentium,
1055 2533 1137 2607 soli-

58 2655 233 2737 tudinem,
268 2665 520 2749 paupertatem.
554 2655 696 2727 Mirum:
731 2657 828 2728 solns
860 2677 928 2748 ogo
959 2678 1006 2729 ex
1026 2657 1138 2728 omni-

55 2775 123 2848 bus
145 2775 350 2848 mortalibus
370 2776 474 2848 dives
494 2775 591 2862 fiam,
613 2799 691 2850 cum
713 2799 914 2872 pauperum,
933 2779 994 2872 qui
1007 2784 1137 2852 frustra

56 2898 183 2971 divites
197 2896 273 2969 fieri
293 2899 428 2983 volunt,
442 2898 575 2992 passim
589 2911 640 2972 tot
659 2899 764 2973 millia
781 2888 988 2972 lideamusi
1006 2900 1135 2973 Occur-

57 3021 122 3092 rite
141 3040 264 3091 omnes
293 3020 353 3112 qui
379 3042 436 3092 me
455 3021 600 3112 diligitis
619 3021 702 3094 hoio
723 3032 897 3095 monstro:
928 3044 998 3094 non
1030 3042 1137 3114 cogar

57 3162 162 3224 unus,
186 3142 278 3213 unde
300 3143 484 3214 tammulti
511 3164 550 3213 se
571 3146 737 3216 exclusos
757 3146 885 3226 dolent,
908 3144 1051 3217 etnnde
1065 3153 1134 3214 tam

56 3262 182 3353 cupide
207 3285 329 3336 omnes
355 3266 494 3356 lugiunt
519 3285 588 3337 non
609 3264 788 3339 excludar.
817 3266 936 3362 ,Ιίΐ
1104 3264 1108 3273 “

57 3394 295 3479 paupertatem
315 3400 452 3478 appeto,
472 3385 621 3458 sednon
635 3409 774 3459 omnem
797 3372 839 3462 ,⁴¹5
927 3419 959 3475 ι,

56 3508 193 3592 didam,
207 3524 284 3578 ‘non
305 3508 455 3591 tristem,
476 3529 592 3601 neque
607 3484 885 3600 solicitam„ts⁶'ed¹
896 3521 948 3581 tra

57 3631 121 3703 sed
142 3628 330 3722 pacificam,
366 3628 429 3700 scd
462 3628 654 3717 honestam.
689 3633 786 3703 Hane
819 3631 903 3702 mihi
924 3632 993 3703 nisi
1102 3632 1136 3702 lo

56 3751 132 3822 dari
145 3772 251 3844 posse
272 3751 435 3844 despero,
457 3760 506 3834 et,
530 3751 560 3823 si
582 3774 704 3824 verum
724 3754 817 3845 loqui
836 3752 949 3837 iubes,
973 3754 1007 3823 in
1047 3770 1135 3844 gnor

57 3879 162 3962 atque
181 3870 226 3943 ab
246 3871 315 3943 alio
334 3870 409 3943 dari
433 3873 549 3972 nolim.
570 3871 674 3965 Apud
691 3874 855 3945 eumdem
868 3874 974 3966 igitur
986 3873 1135 3946 interoc-

57 3988 114 4073 de,
143 3995 259 4085 pulsa,
295 4015 401 4086 urge,
422 3993 529 4078 insta,
553 4002 747 4088 opportune
769 3995 925 4088 quidem,
944 3998 1002 4068 vel
1019 3998 1049 4067 si
1074 4016 1132 4068 res

56 4109 179 4203 exigit,
196 4112 404 4208 importune.
440 4116 589 4188 Facilem
615 4137 679 4209 pro
707 4138 764 4189 me
796 4116 928 4190 aditum
956 4117 1133 4191 invenient
