2670 4688
484 345 639 399 crissoni
660 345 709 395 un.
1074 330 1134 393 illa

55 510 143 560 sum.
183 487 343 561 Sciebam
381 488 473 560 enim
512 487 736 560 verissimum
773 487 1015 560 Terentianum
1053 507 1135 560 esse

54 611 155 696 illud,
178 612 364 703 obsequium
390 614 531 691 amicos,
552 612 674 681 veritas
695 607 805 679 odium
823 611 928 703 parit,
949 631 1015 681 nec
1035 609 1136 682 mulli

54 735 167 804 lacere
191 734 271 825 quis
293 755 349 804 me
378 743 534 816 accuset,
563 731 592 802 si
623 731 776 802 absolvit
804 729 1025 803 conscientia.
1054 733 1137 804 uaec

54 857 203 949 praesare
229 852 340 933 libuit,
360 877 404 926 no
423 856 512 926 sorte
539 853 768 947 frequentiam
795 853 1001 939 litterarum,
1023 863 1060 925 ct
1081 876 1138 927 se

55 976 234 1048 dulitatem
258 976 290 1044 in
313 996 370 1045 me
391 997 646 1069 supervacuam
682 975 880 1047 mirareris:
909 974 1136 1067 nequeenim

57 1107 95 1170 ut-
112 1096 240 1168 absens
261 1097 361 1168 etde
384 1096 574 1190 longinquo
595 1095 699 1168 finem
723 1106 900 1190 spectans,
925 1097 1043 1168 sedin
1064 1098 1139 1171 acie

57 1218 173 1289 media
198 1239 359 1311 praesens
387 1242 477 1302 sum,
501 1221 557 1290 vel
582 1217 740 1290 victurus
767 1218 898 1310 ingenti
918 1221 1053 1312 praelio,
1080 1221 1139 1292 vel

58 1339 266 1421 vincendus,
290 1341 438 1435 ideoque
459 1350 495 1412 et
517 1340 592 1412 dies
614 1341 722 1425 curis,
744 1349 780 1412 et
799 1339 901 1433 quies
925 1340 1085 1413 turbatur
1105 1342 1140 1411 in

58 1464 203 1546 somnis,
234 1471 270 1534 et
303 1463 480 1547 dormiens
513 1474 550 1535 et
582 1463 731 1554 vigilans
761 1462 898 1542 laboro,
926 1473 962 1535 et
985 1463 1138 1556 quietem

57 1589 153 1659 nulla
164 1609 245 1680 pars
256 1587 339 1658 mihi
355 1585 731 1680 temporislargitur.ln
746 1585 811 1661 hoc
825 1593 919 1657 statu
932 1607 1041 1658 unum
1056 1583 1140 1657 mihi

58 1708 170 1779 solatii
191 1730 302 1799 genus
324 1718 379 1779 est
402 1709 579 1787 calamus;
598 1716 637 1777 ut
657 1705 751 1776 illum
778 1706 811 1776 in
836 1703 997 1777 manibus
1027 1703 1141 1777 habeo

59 1842 173 1903 tecum
196 1851 289 1914 sum,
314 1831 409 1923 loqui
437 1828 563 1923 incipio
589 1849 659 1900 non
692 1828 786 1921 quod
815 1827 911 1899 dictu
944 1826 1139 1935 pulchrius,

60 1950 123 2022 sed
143 1949 238 2042 quod
257 1949 356 2044 prius
375 1950 541 2032 occurrit,
569 1970 685 2040 neque
712 1959 781 2019 tam
812 1946 989 2020 coloribus
1010 1968 1142 2020 sermo

59 2095 143 2144 num
170 2071 310 2155 studeo,
337 2093 443 2166 quam
471 2081 508 2144 ut
534 2071 613 2143 stilo
645 2068 801 2164 quolibet
833 2070 868 2142 in
901 2069 1143 2143 auribustuis

59 2195 163 2265 animi
191 2192 260 2280 mei
289 2217 405 2278 curas,
438 2205 475 2265 et
505 2207 767 2288 praegravatum
788 2206 912 2288 pectus
939 2214 1143 2267 exonerem.

59 2314 146 2398 Quae
167 2338 246 2387 cum
269 2317 315 2386 ita
337 2318 428 2399 sint,
451 2316 619 2409 epistolas
646 2337 742 2386 meas
764 2318 814 2387 sic
833 2316 1006 2409 excipies,
1035 2326 1074 2388 nt
1097 2315 1143 2387 ab

60 2437 111 2506 eis
132 2447 299 2528 expectes
321 2416 439 2529 potius
460 2437 628 2508 familiare
652 2437 874 2529 colloquium,
901 2458 1008 2528 quam
1034 2436 1143 2508 dicta-

62 2576 142 2625 men
155 2559 299 2647 elegans
314 2579 428 2629 rerum
449 2568 597 2630 tuarum.
614 2558 715 2629 Curis
730 2558 858 2628 anxius
876 2557 943 2626 hoc
959 2579 1022 2650 per
1038 2556 1143 2642 diem,

64 2678 129 2750 hoc
163 2701 225 2771 per
257 2691 392 2751 noctem
428 2681 557 2771 cogito,
585 2691 621 2755 et
644 2679 807 2772 quoniam
835 2679 1003 2752 memoria
1035 2680 1143 2770 logax

62 2810 168 2893 atque
195 2801 358 2874 volubilis
391 2813 456 2888 est,
494 2826 538 2875 ne
571 2803 751 2875 confestim
785 2811 994 2886 evanescat,
1021 2801 1144 2873 litteris

63 2947 139 2996 eam
164 2921 346 2996 tenacibus
372 2926 537 3018 illaque0,
564 2938 600 2998 et
623 2924 769 2996 diurnos
802 2923 942 3016 quidem
972 2925 1144 3015 cogitatus

62 3052 136 3119 lero
169 3047 311 3119 domum
344 3059 521 3145 repetens,
558 3056 746 3118 nocturnos
787 3067 888 3116 mane
928 3066 1146 3136 consurgens

64 3167 200 3253 soribo;
220 3192 336 3263 neque
358 3172 386 3241 si
408 3171 577 3263 impetum
603 3188 778 3261 sequerer.
802 3166 878 3239 dies
899 3170 969 3240 ulla
991 3169 1066 3240 sine
1093 3170 1146 3239 lit·

64 3292 147 3363 toris
181 3291 387 3382 praeteriret.
427 3291 519 3373 Quid
557 3301 673 3363 autem
707 3290 753 3360 de
785 3301 819 3361 tc
851 3292 1014 3383 proxima
1046 3299 1148 3362 nocte

63 3412 182 3486 nescio
202 3434 247 3483 an
271 3413 432 3505 pervigil,
452 3434 496 3483 an
518 3411 1007 3507 semisopituscogitaverim,
1026 3433 1070 3483 an
1094 3402 1170 3482 vi-'

63 3536 174 3607 derim
196 3534 320 3606 dicam.
348 3533 502 3605 Videbar
527 3543 562 3605 te
586 3532 709 3604 videre
728 3533 770 3602 in>
785 3533 901 3605 medio
921 3544 956 3603 et
976 3533 1148 3604 altissimo

65 3658 184 3729 mundi
205 3656 281 3728 loco
303 3663 372 3727 tam
397 3677 561 3750 supremo
586 3655 755 3751 praerupti
782 3656 908 3727 montis
936 3656 1082 3740 vertice,
1111 3667 1150 3727 ut

66 3801 173 3871 prope
193 3782 319 3854 coelum
341 3789 514 3870 tangeres.
537 3778 714 3872 Quidquid
740 3779 784 3850 de
815 3779 945 3850 nostris
972 3776 1148 3853 montibus

67 3900 232 3987 videram,
250 3901 421 3996 quidquid
440 3903 486 3974 de
507 3901 701 3995 peregrinis
715 3900 892 3972 audieram
909 3920 972 3972 seu
985 3902 1147 3990 legeram,

66 4023 226 4121 planities
256 4025 391 4098 deiecta
424 4022 632 4108 videbatur3
667 4022 743 4117 ipse
773 4032 935 4095 cantatus
968 4020 1150 4116 utrimque

69 4140 200 4233 lingum
219 4144 359 4219 vatibus
380 4146 548 4242 Olympus
568 4143 783 4216 humillimus
804 4143 902 4216 collis
919 4150 1016 4224 erat;
1037 4138 1149 4214 nubes
