2670 4688
120 243 178 302 rao
590 240 759 291 urrunnun

121 399 205 469 dere
226 394 370 484 largiter
389 399 426 462 et
451 389 561 481 queri.
584 388 763 458 Caeterum
783 388 865 459 etsi
893 389 998 460 nibil
1021 401 1224 461 externaece

121 516 287 590 lamitatis
309 513 473 593 accessit,
496 509 806 604 parumnemiser
830 511 899 582 ille
923 519 1008 596 est,
1032 511 1097 604 qui
1119 532 1155 583 se
1171 510 1224 581 suis

122 639 225 710 malis
248 636 463 708 miseriorem
485 654 554 705 non
575 633 758 723 agnoscit?
780 632 892 704 Vale.

265 780 403 849 venetiis,
420 778 468 833 lll.
484 776 623 833 Kalendas
638 774 749 849 Apn'lis.

542 1168 721 1233 nrlsroll
741 1167 798 1231 LV.

127 1315 322 1370 rulncncus
343 1312 512 1364 curulum
533 1312 679 1361 enrurrro
700 1310 799 1360 nurse.
822 1311 1090 1369 clvlccrcnrrsr
1112 1320 1139 1369 a.
1160 1321 1184 1369 r.
1201 1319 1222 1366 u.
1255 1332 1260 1399 r

245 1449 336 1518 Rogat
354 1452 385 1503 ut
399 1462 416 1502 a
429 1443 561 1501 Pontiflce
575 1443 647 1498 Max.
664 1459 745 1516 opem
757 1442 810 1498 sibi
823 1442 897 1500 lerri
913 1449 1001 1506 salva
1018 1457 1125 1510 tamen

519 1531 648 1587 libertate
660 1549 711 1587 sua
724 1538 811 1587 curet.

224 1732 258 1803 Si
272 1729 441 1826 quidquid
456 1750 534 1800 mea
547 1748 646 1800 mens
660 1727 843 1822 cogitando
856 1735 1026 1826 concipit
1041 1739 1223 1812 scribendo

128 1856 305 1949 parturiat,
328 1854 453 1944 ingens
470 1851 590 1943 digitis
606 1852 692 1924 meis
718 1851 899 1943 oculisque
925 1854 1004 1926 tuis
1031 1881 1133 1954 opus
1153 1882 1224 1933 exo

129 1977 227 2050 ritur.
255 1975 354 2060 Quod
383 1974 449 2045 etsi
477 1971 580 2046 valde
606 1974 752 2066 aggredi
769 1972 921 2066 cupiam,
953 1989 1070 2070 pater
1098 1983 1223 2055 amabi-

125 2099 183 2182 lia,
211 2111 347 2189 tempus
375 2105 488 2166 vetat:
524 2095 570 2164 ita
591 2096 767 2167 distrahor
792 2093 934 2165 incertis
965 2100 1226 2188 affectibus.et

125 2218 209 2291 dum
229 2215 427 2286 necessitati
449 2237 564 2309 pareo,
578 2216 753 2289 desiderio
766 2215 935 2289 obluctor.
955 2219 1036 2290 Sed
1055 2223 1157 2297 bene
1172 2227 1224 2298 ha·

125 2338 197 2421 bet;
226 2335 398 2431 quidquid
419 2337 614 2434 scripturus
635 2340 778 2424 luerem,
800 2338 902 2410 tacito
924 2359 995 2422 me,
1020 2344 1227 2420 luculenter

125 2458 308 2553 intelliges.
330 2460 430 2534 Nosti
451 2462 618 2551 animum,
639 2460 696 2533 ubi
719 2457 964 2552 cogitationum
996 2475 1227 2564 actuumque

124 2589 327 2653 nostrorum
351 2581 452 2654 radix
473 2581 546 2656 lixa
566 2593 638 2669 est,
662 2581 754 2655 unde
775 2581 814 2651 lit
835 2591 872 2651 nt
891 2599 973 2672 quae
987 2603 1041 2654 ex
1056 2587 1127 2660 illo
1149 2614 1228 2686 pro
1273 2570 1276 2615 ³

125 2703 235 2775 deunt
254 2704 418 2796 ignorare
442 2727 513 2776 non
540 2706 667 2798 possis.
694 2702 922 2777 Familiariter
938 2701 1025 2774 olim
1050 2708 1137 2798 tibi,
1162 2713 1228 2785 nisi

124 2826 232 2908 fallor,
254 2824 449 2897 studiorum
481 2822 561 2896 finis
586 2835 622 2895 et
653 2836 816 2898 votorum
849 2847 1005 2898 meorum
1037 2827 1227 2908 intellecta

125 2945 296 3018 modestia
315 2955 386 3017 est:
409 2956 487 3018 utor
503 2947 595 3018 enirn
613 2943 763 3018 fidenter
789 2946 856 3017 boc
880 2948 1040 3034 nomine,
1066 2974 1148 3026 non
1166 2978 1228 3028 su-

124 3066 244 3160 perbe,
277 3067 440 3138 conscius
478 3087 554 3138 sure
582 3067 777 3141 humilioris
801 3068 960 3160 originis3
992 3074 1099 3160 quod
1124 3081 1227 3153 unde

315 3187 462 3383 *ge
430 3201 465 3262 et
491 3189 661 3262 modestia
687 3189 825 3274 dicitur,
851 3199 887 3261 et
906 3210 926 3261 e
946 3188 1055 3260 modo
1083 3219 1225 3274 nomen

306 3304 313 3313 '
381 3274 525 3401 ceordic.
560 3310 647 3395 Quae
671 3331 751 3380 cum
782 3311 830 3381 itu
851 3308 1078 3401 sintccgita,
1113 3333 1225 3408 pater

126 3431 133 3445 ‘
252 3418 436 3573 'gf-{ssime
455 3414 540 3524 ulid
562 3432 675 3503 velim.
698 3430 809 3502 Nullis
831 3430 981 3513 hariolis,
1001 3433 1103 3505 nullo
1123 3460 1224 3536 opus

126 3520 339 3655 interficio
350 3575 393 3625 ne
411 3554 487 3648 ipso
509 3551 653 3645 Quidem
686 3554 744 3623 vel
774 3571 862 3623 meae
894 3554 952 3622 vel
983 3551 1115 3626 alienae
1152 3584 1223 3635 vo-

125 3675 176 3746 cis
197 3658 351 3757 officula:
380 3677 473 3746 intus
499 3674 545 3746 ad
569 3696 689 3745 aurem
715 3673 832 3746 cordis
853 3673 902 3743 tui
921 3677 1049 3745 clamat
1066 3683 1222 3760 animus

126 3817 241 3867 meus:
256 3806 290 3867 et
298 3809 422 3907 poster
433 3795 658 3868 nibilominus
669 3797 831 3869 Socrates
848 3818 916 3868 non
939 3794 1078 3868 tacebit.
1092 3802 1220 3884 Quum

127 3915 318 4006 improbem
339 3916 652 4013 concupiscentiam
675 3919 741 3990 etsi
763 3919 871 4013 probe
892 3918 1052 4001 noveris,
1076 3929 1221 4003 certius

128 4047 241 4108 tamon
278 4060 371 4111 nnnc
399 4063 447 4114 ex
473 4039 574 4112 amici
607 4040 779 4134 colloquio
796 4037 973 4137 pensabis.
994 4040 1046 4111 Tu
1072 4055 1217 4137 autem,
