2670 4688
260 333 352 382 crocu
376 332 540 383 vrcnsruos
562 333 951 388 securioris—crurum
973 341 1004 388 x.
1106 325 1164 386 llll

86 500 204 550 amare
225 499 330 571 posse
350 477 487 562 videor,
507 478 611 550 modo
633 501 722 570 quos
744 480 777 549 in
799 481 998 568 verborum,
1021 505 1110 574 quos
1132 482 1165 552 in

87 621 203 671 rerum
218 598 362 670 consilio
373 601 558 693 praeleram
573 619 642 669 non
656 597 825 690 ignorem.
837 601 921 670 Nam
936 602 1031 693 quid,
1045 625 1108 674 oro
1123 615 1164 686 te,

86 719 248 812 prohibet
263 719 440 812 diligentis
460 718 569 810 patris
588 718 737 790 familias
759 719 794 788 iu
815 740 949 789 morem
969 724 1165 813 supellecti-

87 844 128 914 lis
155 843 256 913 aliam
284 851 418 934 partem
444 839 659 923 necessitati,
688 840 790 911 aliam
816 842 954 913 ornatui
978 843 1164 936 deputare,

88 987 342 1057 servorumque
362 964 449 1035 alios
471 963 541 1035 nati
562 963 744 1045 custodiae,
764 962 852 1034 alios
874 964 958 1036 iocis
984 968 1093 1037 alere:
1116 967 1167 1037 in-

87 1111 194 1180 super
213 1096 249 1158 et
265 1087 401 1179 argenti
419 1087 521 1157 simul
542 1093 578 1156 et
596 1085 671 1156 auri
685 1084 827 1156 divitem
842 1083 927 1171 fleri,
943 1109 1021 1158 cum
1039 1088 1168 1160 utrius-

87 1232 156 1302 que
182 1211 328 1302 pretium
357 1209 406 1280 sic
431 1209 574 1279 noveris
605 1230 649 1278 ne
678 1206 712 1276 io
747 1210 912 1280 alterutro
947 1212 1015 1281 salli
1042 1234 1167 1304 queaS,

87 1333 282 1424 praesertim
307 1354 387 1404 eum
414 1343 553 1404 veteres
579 1331 624 1402 illi
646 1328 693 1400 nil
719 1331 813 1401 aliud
839 1354 860 1403 a
885 1354 941 1402 me
967 1334 1165 1427 requirant,

87 1454 153 1525 nisi
175 1478 219 1527 ne
238 1454 413 1526 oblivione
428 1453 624 1539 deleantur,
645 1464 681 1526 el
698 1453 857 1548 primitiis
876 1455 1070 1527 studiorum
1088 1479 1170 1529 con·

88 1578 185 1661 tenti,
204 1599 307 1650 omne
323 1579 390 1649 iam
407 1576 609 1648 melioribus
627 1586 766 1669 tempus
783 1554 929 1648 cedant?
942 1578 980 1649 ld
994 1599 1077 1650 sane
1090 1601 1168 1649 cum

88 1722 150 1790 per
169 1721 225 1770 me
246 1701 360 1793 ipsum
380 1701 430 1772 sic
447 1701 561 1772 lacere
573 1698 827 1783 decrevissem,
844 1709 876 1770 te
888 1711 1031 1772 auctore
1043 1712 1080 1772 et
1097 1704 1171 1772 lau-

86 1822 207 1894 datore
231 1821 395 1894 fidentius
421 1824 555 1894 laclam.
586 1819 641 1891 Ad
665 1821 873 1902 orationem,
902 1823 931 1891 si
960 1844 1016 1893 res
1037 1837 1169 1916 poscat,

88 1957 165 2016 utar
185 1944 325 2017 lllarone
345 1947 401 2016 vel
422 1944 549 2027 Tullio,
571 1966 636 2016 uec
653 1941 797 2038 pudebit
817 1965 837 2014 a
857 1943 991 2015 Graecia
1019 1947 1169 2017 mutuari

88 2067 202 2159 siquid
223 2068 321 2139 Latio
341 2067 467 2139 deesse
480 2066 670 2139 videbitur:
687 2065 731 2137 ad
747 2065 853 2137 vitam
872 2088 968 2149 vcro,
983 2070 1049 2139 etsi
1063 2071 1171 2140 molta

87 2191 181 2283 apud
202 2191 279 2263 illos
302 2191 395 2262 utilia
417 2190 591 2274 noverim,
614 2201 694 2261 utar
715 2201 829 2262 tamen
851 2192 893 2261 iis
911 2190 1172 2262 consultoribus

87 2323 191 2405 atque
212 2311 254 2382 iis
273 2310 424 2382 ducibus
444 2311 489 2383 ad
515 2314 678 2392 salutern,
701 2333 849 2402 quorum
878 2311 959 2384 iidei
980 2334 1022 2383 ac
1042 2286 1172 2385 doctri-

88 2454 144 2504 nae
166 2435 258 2502 nulla
280 2429 432 2521 suspicio
458 2432 503 2500 sit
526 2432 670 2501 erroris.
697 2432 793 2512 Quos
819 2431 910 2501 inter
934 2433 1062 2502 merito
1086 2433 1170 2502 milri

90 2551 265 2620 maximus
291 2546 403 2620 David
430 2569 569 2640 semper
595 2551 711 2632 luerit,
739 2572 781 2620 eo
807 2553 992 2621 formosior
1016 2571 1086 2643 quo
1120 2551 1174 2620 in·

90 2671 271 2766 comptior,
299 2694 343 2744 eo
366 2671 500 2745 doctior
524 2670 780 2764 discretiorque
805 2693 875 2763 quo
900 2671 1030 2766 purior.
1061 2672 1173 2742 Huius

91 2818 157 2888 ego
183 2795 382 2889 psalterium
409 2805 445 2866 et
473 2793 632 2887 vigilanti
663 2794 803 2887 semper
832 2794 867 2864 in
895 2792 1055 2867 manibus
1082 2815 1175 2866 sem·

91 2940 221 3013 perque
238 2918 306 2991 sub
325 2919 451 3003 oeulis,
473 2929 509 2991 et
527 2917 713 2991 dormienti
734 2917 837 3013 simul
858 2938 898 2989 ac
920 2916 1077 2988 morienti
1105 2915 1174 2986 sub

90 3040 201 3133 capite
219 3041 324 3117 situm
342 3040 462 3124 velim;
477 3041 571 3115 haud
592 3063 677 3112 saue
692 3040 810 3111 minus
828 3038 864 3111 id
880 3039 964 3109 mihi
983 3036 1171 3131 gloriosum

93 3174 233 3257 putans,
259 3186 364 3254 quam
392 3163 677 3257 philosophorum
704 3161 871 3246 maximo,
894 3161 1085 3255 Sophronis
1110 3160 1175 3231 llli·

94 3305 181 3356 mos.
204 3284 253 3354 Tu
275 3283 358 3354 vive
377 3292 413 3353 ct
431 3285 511 3354 vale
532 3283 687 3355 feliciter.

238 3426 394 3496 aeriorum,
411 3426 484 3481 xrr.
502 3400 641 3484 natenius
657 3428 794 3484 Octobris.
