2670 4688
320 299 413 350 utnon
435 296 942 349 vrcusrtrusrrlttos.-nr1srott
964 299 1015 347 xu.
1166 287 1202 348 ut

130 439 274 521 fallitur,
295 449 331 508 et
352 456 448 530 saepe
471 436 576 507 tutior
588 445 646 506 est
661 436 719 527 qui
738 437 854 506 minus
873 445 997 528 sperat.
1016 434 1107 506 Mille
1124 448 1206 507 sunt

129 582 260 643 rerum,
282 559 377 630 mille
396 558 576 630 hominurn
603 560 751 651 species
791 559 854 630 sed
886 560 920 628 in
953 558 1008 629 his
1040 558 1204 630 omnibus

128 682 213 752 nihil
247 680 360 772 magis
393 701 499 772 quarn
533 700 616 774 spes
649 701 719 750 una
752 679 989 751 circumvenit.
1010 682 1084 751 Hac
1104 702 1149 752 ne
1170 682 1205 750 in

129 800 233 874 finem
253 801 509 874 circumvenior
534 804 669 892 aperire
702 803 821 872 oculos
852 801 989 895 incipio.
1011 804 1126 874 Satius
1150 815 1206 875 est

127 927 222 995 enim
257 943 336 994 sero
356 943 462 1016 quarn
487 943 666 1014 nunquam
688 942 823 1015 sapere.
847 923 953 995 Cuius
986 925 1035 996 rei
1056 924 1206 1019 primum

128 1048 309 1139 prodigus,
337 1046 468 1118 exhinc
499 1048 619 1138 largus
653 1047 801 1130 luerem,
831 1046 900 1118 iam
922 1069 1048 1140 parcus
1070 1050 1208 1140 iamque

127 1191 257 1241 avarus
291 1181 327 1240 et
359 1178 465 1241 tenax
498 1166 574 1238 lieri
605 1168 722 1240 velim.
751 1170 843 1241 Hora
862 1168 1004 1262 quidem
1025 1168 1204 1254 admonet',

127 1293 321 1364 necessitas
341 1291 445 1384 cogit3
472 1312 543 1362 non
568 1300 624 1363 est
648 1291 785 1364 iocandi
810 1293 924 1364 locus:
947 1294 1206 1386 praeveniemur

126 1423 162 1484 et
181 1424 436 1509 praevertemur
453 1413 487 1484 in
506 1413 645 1498 mediis,
668 1414 752 1484 mihi
771 1412 888 1497 crede,
911 1411 1110 1486 conatibus:
1138 1417 1206 1486 nisi

125 1536 404 1631 expergiscimur
421 1549 457 1609 et
477 1536 674 1622 obstamus,
696 1549 732 1608 et
751 1537 819 1607 nisi
840 1539 921 1609 totis
942 1537 1047 1609 animi
1069 1536 1205 1609 viribus

125 1663 361 1752 assurgimus,
385 1662 634 1754 opprimemur.
661 1661 781 1753 ltaque
795 1659 861 1730 iarn
877 1681 932 1731 me
953 1661 1028 1752 ipse
1048 1680 1205 1732 mearum

126 1791 239 1854 status
259 1806 392 1868 rerum,
414 1793 449 1855 et
466 1784 640 1854 intellecta
656 1783 724 1852 iam
742 1780 884 1853 tandem
905 1782 1048 1875 periculi
1071 1781 1205 1873 magni-

127 1904 220 1992 tudo,
243 1927 313 1977 non
332 1907 449 1978 minus
462 1927 565 1999 quam
581 1904 846 1976 Themistoclem
868 1904 1012 1998 trophea
1033 1904 1204 1988 Miltiadis,

125 2050 146 2098 e
166 2050 290 2101 somno
309 2029 473 2102 excitant.
492 2030 594 2123 Saepe
613 2049 668 2098 me
685 2027 923 2123 semisopitum
942 2028 1058 2100 adhuc
1074 2030 1204 2100 clausis

125 2153 235 2225 oculis
257 2151 321 2224 sed
338 2162 547 2244 experrecto
567 2151 683 2222 animo
703 2173 787 2223 cura
807 2151 893 2242 vigil
914 2152 1034 2222 stratis
1053 2153 1201 2236 excutit,

125 2277 172 2348 ita
193 2285 231 2347 ut
250 2276 376 2358 lumen,
399 2273 493 2367 quod
515 2272 599 2344 mihi
611 2274 656 2344 de
669 2295 766 2346 more
787 2294 924 2366 pernox
945 2272 1106 2356 excubat,
1134 2295 1205 2345 non

124 2395 278 2479 videam,
314 2395 378 2466 sed
406 2406 577 2488 praetenta
609 2417 713 2465 manu
742 2396 845 2488 quasi
874 2417 938 2488 per
967 2396 1132 2468 tenebras
1158 2396 1205 2467 ad

124 2513 325 2606 proximum
345 2515 512 2583 famulum
532 2513 758 2584 excitandum
778 2512 989 2606 proficiscar.
1009 2514 1205 2586 Interdum·

126 2653 196 2725 que
214 2632 299 2702 milri
318 2631 457 2717 accidit,
479 2634 576 2725 quod
595 2635 730 2718 rideas,
752 2647 792 2706 ut
812 2638 944 2729 apertis
965 2636 1101 2706 interim
1121 2657 1204 2706 ocu-

126 2757 179 2841 lis,
195 2766 418 2848 conspectum
431 2759 548 2828 lumen
561 2756 784 2843 extinxerim,
806 2779 851 2829 ne
872 2758 1127 2851 superveniens
1152 2761 1204 2829 la-

125 2879 241 2948 mulns
259 2880 388 2950 trustra
404 2881 486 2972 quia
508 2901 547 2952 se
564 2888 732 2951 vexatum
750 2880 891 2952 intuens
910 2901 1027 2952 secum
1050 2881 1126 2975 ipse
1146 2885 1204 2952 vel

123 3003 248 3074 tacitus
270 3024 366 3076 meas
389 3004 518 3077 rideret
541 3003 701 3099 ineptias,
724 3016 760 3077 et
779 3006 897 3078 nescio
922 3004 1006 3098 quid
1031 3007 1125 3078 aliud
1151 3028 1204 3077 re-

123 3147 200 3195 rum
223 3129 362 3198 nescius
380 3127 560 3218 cogitaret.
582 3127 639 3199 Sic
659 3149 748 3211 sum,
770 3129 979 3220 etquamvis
1001 3148 1109 3198 morae
1132 3150 1205 3218 poe-

124 3246 245 3330 niteat,
267 3249 403 3319 consilii
434 3271 504 3321 non
537 3249 654 3344 pudet.
678 3251 815 3321 Utinam
848 3251 925 3321 haec
957 3249 1076 3319 iuveni
1102 3271 1203 3320 mens

123 3370 267 3440 luisset!
292 3370 405 3440 Unum
424 3371 490 3442 hoo
509 3374 633 3441 saltem
651 3373 806 3461 gratulor
824 3371 899 3442 seni
916 3371 992 3441 erit.
1012 3371 1101 3442 Utile
1119 3371 1204 3441 illud

123 3501 158 3562 et
179 3490 315 3581 magnis
335 3492 513 3584 principiis
534 3504 760 3585 oportunum:
788 3493 850 3564 sed
877 3493 942 3564 hoc
967 3514 1109 3585 quoque
1134 3516 1202 3565 non

125 3613 245 3685 inutile
266 3634 330 3683 nec
351 3615 601 3704 spernendum:
627 3627 663 3686 et
689 3615 719 3685 si
745 3615 779 3684 iu
805 3617 973 3685 alterutro
998 3613 1203 3706 delinquen-

123 3737 208 3808 dum
224 3746 313 3818 erat,
335 3756 435 3806 mane
451 3735 663 3809 dormitasse
686 3737 866 3808 maluerim
883 3759 988 3828 quarn
1007 3757 1098 3807 sero.
1117 3735 1202 3805 Gra-

124 3857 221 3927 viora
243 3866 325 3927 sunt
343 3857 435 3926 enirn
456 3877 537 3949 quae
558 3857 603 3928 ad
624 3858 756 3930 exitum
786 3869 955 3951 spectant:
977 3859 1201 3953 periculosis-

124 3977 233 4049 simus
259 4000 359 4051 error
384 3990 578 4051 extremus:
611 3980 656 4051 de
691 3981 852 4051 omnibus
884 3981 965 4052 vitre
1000 3984 1100 4053 annis
1131 4003 1200 4052 una

124 4100 245 4174 mortis
263 4102 349 4175 hora
367 4104 576 4195 pronuntiat.
599 4102 654 4176 rld
674 4103 762 4175 hanc
779 4104 941 4197 componi
959 4105 1149 4196 singularis
1166 4113 1201 4173 et

248 4230 285 4269 tu.
1030 4227 1043 4274 7
