2834 5086
168 653 225 714 ΗΜ
506 662 547 711 DE
568 660 670 711 REBUS
690 659 913 711 Ftuttlnulnus

167 810 269 890 serui,
290 808 347 877 vel
364 807 400 875 in
417 806 494 878 aliis
511 826 609 879 error
625 814 687 877 aut
702 803 841 888 oblivio,
861 803 906 875 de
923 823 993 896 quo
1011 826 1103 877 nuuc
1121 805 1249 899 agitur.

165 931 277 1001 Vitam
304 928 388 999 mihi
408 928 529 1000 alienis
554 928 657 1001 dictis
678 950 720 1001 ac
745 928 885 1000 monitis
910 948 1036 999 ornare
1060 931 1173 1002 fateor
1196 942 1253 1003 est

165 1051 310 1134 animus,
332 1072 403 1123 non
420 1052 559 1135 stilnm3
582 1052 649 1122 nisi
669 1054 725 1122 vel
743 1052 876 1144 prolato
897 1062 1054 1135 auctore,
1068 1053 1126 1122 vel
1138 1063 1252 1125 muta·

166 1174 258 1245 tione
284 1174 425 1266 insigni,
453 1184 491 1247 ut
516 1174 706 1246 mutatione
739 1173 857 1266 apium
890 1196 911 1246 e
937 1172 1056 1245 multis
1081 1182 1117 1246 el
1142 1177 1251 1247 variis

165 1295 311 1368 lloribus
327 1299 394 1368 mel
412 1320 520 1371 unum
538 1295 597 1368 lit:
615 1297 767 1390 alioquin
785 1301 895 1368 multo
914 1295 1029 1368 malim
1048 1318 1149 1369 meus
1166 1298 1251 1369 mihi

166 1419 268 1492 stilus
302 1420 359 1502 sit,
388 1420 537 1489 incultus
564 1420 644 1489 lieet
662 1427 768 1510 atque
794 1417 969 1501 horridus,
993 1419 1099 1491 sicin
1118 1441 1251 1492 morem

167 1550 258 1633 togae
282 1540 408 1611 habilis
439 1537 485 1609 ad
509 1557 712 1608 mensuram
743 1536 872 1627 ingenii
898 1540 966 1607 mei
992 1542 1119 1626 lactus,
1146 1562 1250 1635 quam

166 1666 311 1744 alienus,
333 1661 456 1732 cultior
476 1657 661 1743 ambitioso
682 1673 816 1741 ornatu,
841 1655 904 1728 sed
924 1663 1093 1732 amaiore
1114 1664 1253 1756 ingenio

166 1787 354 1877 profectus,
382 1791 487 1872 atque
514 1780 667 1871 undique
694 1777 853 1851 defluens
880 1781 987 1850 animi
1013 1781 1154 1855 humilis
1184 1808 1252 1859 non

166 1906 378 1976 conveniens
397 1913 551 1973 staturae.
570 1901 691 1973 Omnis
710 1901 820 1973 vestis
837 1900 1040 1972 histrionem
1058 1904 1168 1991 decet,
1188 1908 1253 1980 sed

166 2047 235 2096 nou
256 2022 368 2094 omnis
395 2023 605 2094 scribentem
626 2025 750 2095 stilus:
778 2042 865 2092 suus
885 2021 1011 2111 cuique
1048 2024 1252 2099 formandus

167 2144 434 2237 servandusque
455 2154 522 2228 est,
546 2166 589 2215 ne
609 2147 668 2215 vel
687 2143 893 2216 difformiter
919 2140 1042 2214 alienis
1062 2140 1173 2211 induti
1193 2149 1250 2213 vel

166 2288 340 2340 concursu
367 2269 505 2361 plumas
536 2289 619 2338 suas
649 2265 879 2359 repetentium
907 2267 1089 2338 volucrum
1115 2265 1250 2358 spoliati

167 2412 244 2462 cum
271 2391 447 2463 cornicula
467 2388 660 2459 videamur.
687 2390 732 2458 Et
751 2399 807 2459 est
831 2411 914 2461 sane
940 2391 1067 2482 cuique
1086 2388 1252 2459 naturali·

168 2521 220 2581 ter
241 2521 279 2580 ut
299 2512 333 2579 in
355 2512 451 2581 vultu
473 2519 509 2580 et
529 2520 646 2600 gestu,
675 2510 725 2580 sie
747 2510 781 2579 in
802 2531 890 2582 voce
909 2522 1125 2583 etsermone
1149 2510 1252 2603 quid-

167 2631 249 2702 dam
270 2649 372 2701 suum
392 2652 433 2703 ae
451 2631 639 2727 proprium,
657 2632 753 2725 quod
772 2635 884 2705 coiere
901 2644 937 2704 et
952 2633 1125 2726 castigare
1146 2654 1250 2725 quam

166 2764 302 2824 mutare
328 2775 407 2826 cum
429 2755 561 2827 facilius
588 2765 659 2826 tum
687 2756 812 2827 melius
838 2765 942 2848 atque
967 2756 1100 2827 felicius
1127 2755 1182 2826 sit.
1208 2754 1253 2825 Et

167 2900 271 2973 quem
291 2888 324 2950 te
341 2878 446 2950 lacis?
462 2879 558 2951 Dicet
574 2879 714 2972 aliquis:
734 2898 802 2950 non
820 2889 866 2960 tu,
881 2880 1001 2962 amice,
1017 2878 1077 2970 qui
1091 2899 1147 2947 me
1161 2878 1251 2949 nosti

166 3002 336 3086 funditus,
364 3004 543 3075 sedunus
572 3001 699 3095 aliquis
724 3024 772 3073 ex
801 3001 843 3072 iis
871 3001 995 3084 tacitis
1022 2999 1084 3092 qui
1115 2998 1252 3072 silentio

168 3126 230 3194 tuti
260 3125 443 3217 securique
475 3124 779 3217 repraehensorum
815 3121 1007 3192 observant
1036 3120 1140 3204 alios,
1171 3130 1251 3191 ete

168 3246 315 3333 siugulis
335 3244 453 3313 verbis
475 3246 604 3314 nostris
627 3242 766 3314 totidem
788 3244 927 3312 aculeos
947 3240 1098 3312 conflare
1119 3242 1251 3314 didice-

170 3375 260 3435 runt.
289 3361 442 3433 Audiant
457 3366 560 3454 plane
581 3364 640 3455 qui
670 3364 745 3433 solo
770 3363 920 3433 saeviunt
942 3362 1078 3446 auditu
1102 3386 1170 3435 non
1196 3386 1251 3436 me

169 3488 255 3558 laeio
274 3508 378 3578 quem
399 3482 587 3575 descripsit
608 3485 783 3554 luvenalis
799 3485 983 3575 egregium
1004 3498 1143 3558 vatem:

608 3622 657 3685 cui
675 3637 735 3683 non
752 3621 791 3684 sit
805 3622 924 3702 publica
946 3638 1026 3685 vena

327 3719 386 3793 Qui
404 3717 478 3780 nihil
494 3720 669 3799 expositum
686 3718 780 3780 soleat
795 3719 963 3796 deducere,
980 3734 1037 3782 uec
1055 3717 1109 3798 qui

325 3818 448 3897 Vulgari
464 3817 553 3880 leriat
567 3832 690 3880 carmen
708 3813 828 3878 triviale
845 3824 988 3880 moneta:

171 3975 294 4045 nempe
314 3972 418 4044 quem
441 3950 516 4042 ipse
535 3951 595 4041 qui
617 3945 785 4020 scriberet
805 3970 873 4019 non
894 3957 1090 4020 monstrare
1111 3930 1175 4019 sed
1192 3968 1251 4020 co-

170 4075 281 4163 gitare
301 4097 339 4147 se
360 4081 491 4146 tanturn
513 4092 618 4166 posse
639 4073 816 4143 fateretur.
834 4069 909 4139 Non
931 4092 1010 4141 cum
1032 4070 1194 4143 Horatio:

327 4212 432 4276 Libera
450 4228 504 4292 per
522 4226 655 4274 vacuum
671 4209 761 4290 posui
778 4209 908 4289 vestigia
924 4210 1065 4289 princeps

172 4302 234 4363 aut

330 4435 547 4453 ........
570 4389 685 4470 patrios
701 4404 758 4467 ego
775 4388 913 4469 primum
929 4384 1048 4448 iambos

331 4484 454 4550 Ostendi
470 4486 569 4561 Latio,
