2670 4688
464 566 640 632 EPISTULA
663 566 759 630 XVlli.

310 741 504 793 ruuuctsetts
525 739 695 788 renuntiet
717 739 759 789 tu
782 738 929 787 torturus

147 885 226 939 Dolet
241 887 361 938 mortem
373 878 462 951 patris
477 893 592 944 eorum,
608 882 636 930 ct
651 875 686 930 ab
700 877 761 932 eius
775 875 916 948 epitaphio
931 891 962 930 se
977 881 1091 929 excusat

407 968 443 1024 ob
457 966 560 1022 malam
575 965 619 1022 sui
633 965 832 1022 valetudinem.

178 1247 407 1319 Excellentiae
428 1259 559 1320 vestrae
579 1249 722 1328 litteras,
748 1243 920 1338 magnifici
941 1256 976 1315 et
992 1242 1165 1316 carissimi

77 1368 207 1442 domiui
230 1371 311 1450 mei,
339 1391 409 1443 non
427 1368 504 1441 sine
524 1368 676 1462 suspirio
697 1367 776 1460 legi.
791 1368 962 1452 Quamvis
982 1366 1075 1439 euim
1096 1366 1167 1460 pri-

79 1493 160 1565 dem
181 1493 284 1564 famae
306 1491 507 1565 testimonio
531 1490 733 1564 didicissem
753 1492 938 1563 transitum
960 1492 1065 1562 clarae
1095 1510 1168 1560 me·

80 1617 201 1688 moriae
217 1613 348 1686 domiui
383 1615 511 1709 patris,
545 1615 646 1685 aliter
680 1624 797 1686 tamen
829 1635 877 1685 cx
906 1634 967 1684 ore
993 1621 1167 1684 tantorum

80 1738 232 1810 filiorum
253 1737 339 1808 tanti
357 1737 466 1830 patris
487 1749 590 1809 sonat
616 1736 756 1821 obitus,
784 1759 890 1832 quam
917 1736 1168 1828 cuiuscumque

80 1858 224 1929 atterius
240 1876 303 1929 ore
325 1857 493 1930 sonuerit.
507 1858 582 1937 Est,
602 1858 721 1941 tatem,
745 1879 855 1950 grave
868 1857 1034 1930 damnum
1058 1855 1167 1951 quod-

83 2000 154 2071 que
169 2000 237 2051 nou
256 1979 319 2051 soti
341 2000 407 2051 vos
425 1988 462 2051 et
482 1981 583 2053 amici
601 1979 725 2065 vestri,
752 1981 814 2053 sed
835 1980 948 2051 omnis
969 1978 1067 2050 italia
1082 2000 1170 2072 que-

83 2110 181 2174 ratur
213 2110 249 2173 ct
283 2104 421 2193 lugeat,
456 2103 522 2173 uisi
555 2102 649 2196 quod
683 2104 837 2178 conditio
865 2114 986 2176 nostra
1011 2103 1172 2175 mortuiis

83 2245 222 2296 omnem
244 2226 376 2296 luctum
402 2223 507 2296 debet
532 2238 569 2298 et
598 2237 713 2319 potest
737 2227 868 2299 efficaci
898 2228 1031 2300 ratione
1055 2228 1174 2322 oppri-

84 2368 206 2426 mere;
230 2345 315 2416 dum
336 2347 489 2416 occurrit
515 2346 550 2417 id
580 2346 645 2417 sibi
671 2349 855 2431 accidisse,
885 2360 924 2418 ut
948 2350 997 2420 ait
1021 2349 1171 2428 Seneca,

83 2465 178 2556 quod
195 2485 319 2536 omncs
337 2479 418 2535 ante
440 2487 478 2536 se
497 2466 609 2559 passi,
632 2489 824 2560 omnesque
847 2470 1001 2560 passuri,
1029 2478 1064 2538 et
1086 2488 1173 2560 prae-

88 2590 207 2660 sertim
229 2587 287 2660 uhi
309 2600 365 2660 est
397 2590 547 2661 iucunda
575 2592 770 2663 recordatio
796 2591 962 2683 gloriosae
992 2592 1074 2662 vitae
1101 2591 1195 2684 feti-⁵

84 2713 205 2804 cisque
218 2712 353 2796 exitus,
375 2734 497 2805 quase
515 2714 723 2807 superstites
736 2716 969 2787 consolentur.
980 2714 1068 2797 Quas
1086 2714 1113 2784 si
1128 2713 1173 2785 dc

89 2837 156 2907 uiio
173 2847 304 2907 nostrae
325 2835 440 2908 aetatis
462 2837 555 2907 clara
574 2835 647 2918 tuit,
670 2834 715 2907 de
734 2848 856 2908 vestro
877 2837 998 2930 utique
1017 2838 1175 2930 genitore

87 2960 277 3029 clarissima
294 2969 359 3031 est.
380 2960 455 3051 Ego
474 2981 564 3030 unus
590 2982 637 3032 ex
660 2960 778 3031 multis
796 2959 881 3032 tanti
900 2961 1078 3055 particeps
1095 2978 1173 3030 sum

88 3079 228 3151 doloris.
247 3083 345 3154 Licet
364 3085 455 3154 euim
479 3084 563 3154 facie
582 3083 790 3175 incognitus,
814 3083 999 3176 sperabam
1019 3081 1085 3153 sibi
1107 3101 1175 3152 nou

91 3200 170 3269 vilis
189 3221 284 3285 esse,
303 3225 409 3295 quem
440 3204 571 3289 talibus
591 3201 673 3274 filiis
693 3226 812 3276 carum
837 3204 952 3276 sciret.
979 3206 1024 3275 Et
1049 3202 1177 3275 idcirco
1239 3290 1242 3295 ,

92 3324 120 3393 si
139 3320 224 3414 quid
246 3343 386 3413 possem
403 3325 449 3396 ad
470 3327 647 3397 cumulum
671 3327 794 3418 gioriae
815 3346 891 3397 suae
912 3324 1072 3397 stabilius
1088 3332 1178 3417 quo-

10 3494 12 3498 >
91 3467 161 3539 quc
178 3443 396 3537 solidiusque
428 3468 535 3538 quam
558 3469 840 3532 marmor,·vere
864 3447 996 3525 domini
1016 3448 1094 3527 mei,
1122 3466 1178 3517 ro

93 3567 231 3658 gandus
250 3589 317 3638 uon
331 3587 466 3638 essem:
489 3571 580 3642 uitro
597 3569 689 3640 cuim
712 3557 768 3642 mc
790 3590 859 3642 non
883 3568 1079 3662 expectatis
1098 3589 1177 3663 pre·

93 3691 194 3763 cibus
215 3689 434 3762 obtulissem.
456 3691 530 3762 Etsi
544 3692 637 3763 enim
651 3693 957 3785 occupatissimus,
973 3703 1008 3763 et
1025 3691 1177 3764 ataiium

95 3812 227 3886 dudum
248 3812 527 3886 consideratione
553 3813 741 3886 distractus
764 3815 988 3908 intentusque
1008 3814 1098 3900 aliis,
1127 3826 1179 3887 tu·

96 3958 175 4010 meu
197 3947 232 4010 et
252 3938 497 4031 occupationes
514 3957 639 4009 omnes
661 3937 877 4023 reiecissem,
898 3949 1003 4033 atquc
1022 3936 1100 4010 huic
1118 3939 1177 4009 uui

95 4059 220 4133 cedere
240 4062 449 4154 coegissem,
472 4073 508 4133 et
528 4062 573 4135 ad
593 4060 778 4136 desuetum
799 4062 865 4135 iter
886 4061 1043 4146 iniectus,
1068 4069 1105 4134 ut
1127 4060 1177 4131 sic
