2670 4688
320 284 412 333 LlBEll
435 281 962 333 lllCESlllUSTllll'l‘lllS.-EPISTOLA
983 284 1014 332 11.
1135 255 1209 330 Κ185

129 435 224 498 tuum
247 446 372 496 nomeu
399 421 595 494 amantibus
621 421 817 492 attollendis
843 425 941 494 facile
968 426 1082 496 solcas
1101 423 1209 496 liben-

130 559 249 639 terque
275 545 498 628 submittere,
525 542 587 613 sed
614 543 646 612 in
675 566 730 615 me
762 546 820 614 vel
846 545 950 615 animi
978 545 1121 619 tarditas
1154 549 1208 619 vel

127 691 225 740 amor
246 668 366 761 patriae
386 667 502 738 verior
527 686 633 736 causa
659 649 732 746 ests
751 664 894 736 Ridebis
921 668 1008 738 sorte
1034 669 1208 739 mollitiem
1321 692 1325 698 ·

126 803 163 863 et
193 768 585 890 cognoscasquantum
622 788 668 860 ad
698 810 818 859 veram
847 789 1101 884 philosophiam
1126 790 1209 860 mihi

127 914 342 986 nuncetiam
369 910 469 982 desit.
485 911 581 980 Potui
596 910 779 992 interdum,
809 910 872 981 sed
897 911 976 996 iam,
1005 914 1123 992 fateor,
1142 934 1211 983 non

128 1058 271 1133 possum
293 1033 533 1126 aequanimiter
552 1054 633 1103 esse
653 1033 713 1105 diu
736 1035 854 1126 procul
876 1032 922 1104 ab
942 1033 1050 1116 ltalia,
1075 1033 1151 1105 sive
1170 1056 1212 1105 ea

129 1158 253 1228 natalis
275 1157 338 1226 soli
360 1157 433 1226 sola
452 1153 601 1227 dulcedo
617 1166 683 1238 est,
704 1154 780 1226 sive
794 1177 910 1226 rerum
930 1155 1130 1240 aestimatio,
1150 1177 1211 1227 ne-

131 1280 203 1349 scio
222 1300 327 1371 quam
350 1299 449 1362 vera,
472 1279 536 1349 sed
556 1289 720 1349 constans
746 1289 783 1350 et
808 1277 994 1350 immobilis
1020 1279 1212 1372 ctaprima

130 1411 234 1471 aetate
260 1402 391 1494 pectori
420 1422 498 1472 meo
523 1401 639 1484 insita,
666 1401 920 1473 nihilomnino
947 1413 1120 1474 terrarum
1147 1401 1214 1473 sub

129 1525 216 1593 coelo
236 1543 316 1595 esse
336 1522 431 1615 quod
452 1523 556 1595 ltaliae
572 1524 765 1618 comparari
778 1535 898 1616 queat,
913 1546 977 1596 seu
997 1533 1131 1596 nalurae
1149 1546 1213 1597 seu

130 1646 309 1717 homiuum
330 1645 533 1717 consideres
553 1657 769 1718 ornamenta.
787 1646 969 1729 Quodnisi
988 1647 1040 1718 sic
1057 1647 1140 1718 mihi
1154 1668 1214 1741 pe-

131 1770 225 1838 nitus
247 1768 516 1859 persuasissem
532 1769 664 1840 facilior
678 1770 796 1863 procul
814 1767 921 1840 dubio
936 1768 1090 1853 fuissem,
1105 1779 1140 1838 et
1154 1767 1215 1839 libi

131 1890 212 1961 olim
233 1912 336 1979 quem
359 1890 452 1961 sensi
472 1891 636 1983 quamvis
658 1889 816 1960 immeriti
836 1893 1057 1984 praesentiam
1080 1903 1213 1983 optare,

131 2023 166 2081 et
186 2011 315 2083 nudius
337 2011 459 2082 tertius
480 2023 628 2102 cognato
650 2023 708 2083 tuo
728 2014 941 2085 Francorum
960 2010 1035 2103 regi
1055 2030 1139 2082 vere
1161 2031 1217 2081 se·

133 2135 316 2206 renissimo
337 2134 590 2228 mitissimoque
612 2158 732 2227 regum
755 2137 925 2214 omnium,
949 2135 1006 2229 qui
1026 2157 1094 2207 non
1112 2133 1216 2206 modo

130 2278 234 2349 prece
252 2255 399 2340 fervida,
417 2257 478 2327 sed
493 2279 596 2330 manu
608 2258 718 2330 amica
733 2280 822 2351 pene
837 2258 920 2328 milri
935 2259 1072 2342 iniecta,
1098 2266 1216 2328 tencre

133 2401 189 2448 me
207 2379 318 2449 voluit
335 2378 538 2459 abeuntem,
557 2378 708 2470 denique
726 2380 848 2450 litteris
869 2391 1074 2471 persecutus
1088 2378 1215 2450 arden-

136 2499 239 2581 tibus,
258 2496 383 2566 adhoc
401 2519 463 2590 per
482 2499 630 2568 vicarios
649 2521 690 2569 ac
707 2498 828 2571 fideles
847 2520 931 2569 suos
953 2512 990 2569 ut
1008 2522 1115 2570 suasu
1144 2502 1217 2594 pla-

133 2617 210 2688 cido
224 2618 389 2687 inllexum
406 2639 461 2688 me
474 2617 538 2687 sibi
555 2619 778 2704 remitterent,
791 2628 967 2712 postremo
980 2619 1064 2689 nihil
1077 2621 1217 2691 omnino

133 2739 265 2821 omisit;
283 2738 412 2832 quibus
430 2739 514 2810 nihil
525 2739 794 2825 mihimentitus,
810 2743 917 2812 multa
932 2741 1070 2812 mentiri
1083 2743 1216 2824 solitus

134 2865 331 2955 astrologus
353 2863 542 2935 videretur.
561 2864 632 2934 Nec
649 2885 744 2935 eram
768 2865 907 2936 nescius
926 2864 1002 2936 sine
1023 2865 1217 2938 insolentiae

133 2964 283 3077 quadam
308 2997 387 3058 nota
408 2987 537 3080 negligi
557 3010 627 3059 uon
649 3010 753 3081 posse
770 2987 983 3061 desiderium
1007 2991 1092 3062 tanti
1113 2989 1215 3080 regis,
1247 3005 1252 3015 ’

133 3108 168 3176 ni
191 3130 246 3177 me
267 3109 413 3180 validior
435 3131 545 3182 uncus
562 3110 798 3203 obstringeret.
824 3112 892 3197 ille,
918 3134 1025 3204 quem
1050 3111 1134 3192 dixi,
1157 3131 1217 3204 pa-

24 3318 27 3325 .
135 3229 212 3299 triae
233 3252 341 3314 amor,
363 3253 454 3303 neve
474 3232 559 3325 quid
579 3230 797 3304 dissimulem
820 3255 897 3305 eam
920 3232 1024 3304 animi
1046 3233 1216 3303 sarcinam

135 3349 202 3422 aevi
230 3350 345 3421 flexus
372 3351 439 3423 iam
466 3353 744 3444 ingravescentis
766 3344 1050 3446 exageraret,‘ut
1075 3374 1144 3424 non
1166 3355 1219 3452 la-

135 3473 199 3543 cilc
221 3480 313 3542 totus
335 3474 410 3543 loco
430 3494 584 3545 movear.
599 3475 750 3566 *Accedit
769 3477 884 3570 opinio
906 3477 973 3558 illa,
992 3473 1092 3546 cuius
1114 3472 1218 3568 paulo

136 3616 242 3688 supra
264 3593 412 3676 memini,
427 3593 471 3664 de
487 3595 824 3693 ltaliaeprincipatu,
847 3618 927 3689 quae
950 3618 1017 3667 una
1039 3595 1121 3664 mihi
1144 3597 1218 3667 aci-

136 3741 231 3790 mum
251 3717 333 3787 lecit
353 3725 390 3812 ut
411 3724 444 3785 le
466 3737 561 3807 saepe
578 3717 748 3790 hactenus
770 3718 889 3790 verbis
907 3719 1128 3808 aggrederer,
1148 3741 1215 3791 non

115 3844 265 3914 'tantum
289 3842 420 3912 hortari
445 3861 568 3921 ausus,
592 3842 655 3912 sed
680 3865 841 3933 arguere,
864 3842 959 3935 quod
986 3842 1036 3912 sic
1060 3843 1216 3915 ultimam

134 3968 248 4051 lacere
260 3964 433 4037 videreris
446 3986 550 4058 quam
564 3972 689 4035 natura
706 3985 847 4058 parens,
863 3986 918 4033 me
933 3963 1053 4050 iudice,
1068 3966 1215 4061 primam

135 4090 223 4162 lecit.
258 4090 302 4160 Et
335 4091 365 4162 si
397 4088 517 4182 pergis
544 4087 674 4182 scripto
699 4085 818 4174 etiam,
846 4109 890 4158 nc
916 4108 984 4158 non
1010 4090 1215 4182 praedictum
