2670 4688
446 536 624 601 EPISTULA
644 536 751 600 XXXV.

104 703 295 754 rnenclsctts
317 702 485 752 perennet
505 701 665 750 coelestio
687 701 727 749 DE
750 700 938 750 PASTRENGO
959 701 985 749 S.
1007 701 1036 749 P.
1057 701 1086 748 D.

368 863 486 918 Nunciat
497 868 615 918 mortem
629 861 759 917 Iohannis
774 863 826 916 sui.

155 1133 287 1202 Nomen
319 1141 431 1212 tuum,
458 1131 587 1223 optime
620 1137 723 1222 atquc
755 1129 1018 1223 exoptatissime
1048 1125 1130 1197 mihi

58 1255 126 1339 vir,
153 1276 222 1347 quo
253 1252 336 1323 nihii
366 1249 503 1322 dulcius
538 1250 654 1334 audio,
688 1249 853 1345 quodque
885 1249 989 1323 hodie
1022 1249 1127 1321 huius

58 1374 176 1446 devoti
193 1375 241 1445 toi
263 1396 322 1445 ore
347 1371 492 1444 auribus
519 1373 604 1444 meis
634 1372 803 1455 insonuit,
835 1392 902 1442 non
936 1370 1047 1442 dicam
1074 1392 1130 1442 me

57 1499 169 1591 coegit
186 1498 229 1570 ad
247 1499 431 1580 calamum,
446 1497 505 1588 qui
521 1497 636 1568 nescio
656 1519 726 1590 quo
744 1517 805 1567 seu
823 1516 949 1578 errore,
970 1515 1032 1565 seu
1050 1495 1127 1578 sato,

57 1645 119 1693 seu
141 1630 278 1692 actuum
300 1620 531 1690 humanorum
553 1619 647 1701 odio,
670 1618 733 1690 vix
756 1618 820 1688 nisi
842 1639 964 1689 somno
988 1619 1044 1687 vel
1070 1637 1131 1686 ne·

56 1745 218 1816 cessitate
238 1741 304 1813 alia
324 1761 496 1812 excussus
517 1764 537 1814 e
558 1742 718 1814 manibus
739 1741 826 1811 meis
851 1740 958 1825 cadit,
982 1740 1043 1811 sed
1064 1740 1130 1810 alio

57 1865 258 1937 tendentem
290 1865 461 1935 calamum
482 1863 551 1936 huc
571 1865 743 1936 convertit
771 1875 807 1934 ut
832 1862 894 1932 tibi
925 1862 1127 1946 scriberem,

59 2010 139 2060 esse
161 2008 215 2058 me
235 1986 367 2058 Patavii
391 2008 534 2079 corpore
561 1987 762 2058 viciniorem
791 1985 852 2055 tibi
881 2007 986 2077 quam
1013 1986 1129 2057 soleo:

56 2132 152 2195 nam,
187 2109 303 2182 omnia
336 2109 511 2181 videntem
545 2111 656 2181 Deum
688 2119 813 2194 testor,
849 2129 985 2203 semper
1015 2109 1130 2178 animo

57 2253 213 2325 praesens
244 2254 344 2311 sum3
372 2253 494 2303 sanum
528 2244 696 2326 praeterea
723 2243 758 2304 et
784 2232 1062 2316 benevalentem,
1090 2252 1130 2300 ac

57 2354 306 2425 iucundissime
340 2367 591 2434 senescentem,
623 2355 716 2448 quod
743 2354 787 2424 ad
811 2366 948 2426 aetatom
986 2354 1129 2433 attinet;

59 2475 220 2543 Fortunae
252 2495 375 2564 nempe
406 2472 610 2545 vulneribus
644 2498 712 2546 non
746 2478 822 2545 aiiis
851 2497 955 2566 qoam
987 2473 1130 2544 nimium

59 2593 191 2666 crebris
225 2615 385 2665 carorum
419 2594 588 2667 mortibus
622 2596 812 2689 impediet
840 2600 977 2671 concuti
1003 2620 1057 2668 me
1083 2597 1132 2666 fa-

20 2766 23 2771 ·
61 2731 148 2803 teor,
183 2739 248 2786 non
283 2718 477 2811 prosterni:
510 2719 554 2790 dc
589 2721 720 2813 reliquo
748 2720 926 2793 veteribus
952 2721 1018 2794 iilis
1043 2720 1131 2791 meis

60 2841 214 2913 deditum
233 2843 340 2924 curis,
364 2861 450 2933 quas
481 2842 546 2913 etsi
581 2854 711 2915 taceam
733 2844 841 2929 nosti,
870 2854 973 2938 atque
999 2847 1032 2916 in
1063 2843 1132 2937 pri-

62 2964 201 3035 mistui
229 2985 429 3048 memorem,
458 2967 576 3059 tuique
602 2967 757 3052 avidum,
790 2970 885 3061 quod
917 2968 1129 3041 desiderium

60 3090 166 3158 lenire
188 3089 385 3183 propediem
408 3112 520 3182 spero.
539 3090 706 3186 Apertum
724 3103 778 3163 est
794 3093 886 3164 enim
918 3096 999 3178 iter,
1020 3091 1128 3185 quod,

61 3211 126 3279 nisi
154 3211 266 3293 failor,
294 3211 462 3283 immerito
487 3214 642 3283 clausum
674 3226 769 3298 erat;
796 3217 954 3309 permisit
981 3236 1131 3306 namque

61 3333 146 3403 mihi
171 3333 331 3404 dominus
355 3334 560 3406 beneficium
595 3337 676 3408 iliud
703 3361 765 3432 pro
791 3361 860 3431 quo
888 3340 1012 3409 totiens
1038 3336 1131 3408 labo-

62 3458 178 3541 rastis,
197 3466 233 3528 et
249 3457 342 3549 quod
361 3461 467 3529 multo
485 3460 591 3552 pluris
611 3463 711 3546 facio,
735 3463 873 3534 arrham
894 3462 976 3531 mihi
994 3480 1131 3551 magnae

62 3579 282 3652 humanitatis
299 3578 467 3652 exhibuit.
481 3582 692 3654 Beneficium
714 3584 853 3677 quidem
879 3585 991 3678 ipsum
1014 3584 1132 3654 simul-

61 3726 128 3792 que
147 3695 402 3776 adolescentem
417 3706 515 3776 cuius
530 3708 642 3797 sperat
658 3707 713 3796 (oh
730 3729 784 3779 res
805 3707 982 3779 hominum
994 3707 1015 3798 1)
1037 3726 1132 3776 mors

62 3821 211 3909 abstuiit,
240 3826 402 3917 quicum
432 3849 559 3919 paucos
584 3826 660 3899 dies
691 3831 788 3901 laetos
818 3829 967 3901 vidisset
988 3829 1021 3899 in
1043 3829 1130 3913 vita,

62 3966 104 4015 eo
129 3949 208 4041 ipso
230 3950 299 4033 die,
328 3949 452 4020 mirum
475 3950 584 4036 dictu,
606 3974 676 4043 quo
697 3952 763 4023 iuri
785 3974 849 4025 soo
870 3954 1052 4025 restitutus
1078 3954 1131 4025 vi-

61 4067 220 4156 debator,
241 4075 333 4144 vitali
355 4075 542 4147 destitutus
563 4085 618 4146 ost
641 4075 772 4169 spiritu.
809 4078 1044 4170 deogratias,
1072 4078 1130 4171 qui
