2670 4688
259 290 352 340 uinea
374 291 539 341 vrensmus
563 293 788 343 sneunuus.-
802 295 955 345 nmsrenn
978 296 1029 345 vn.
1123 284 1177 345 143

100 458 211 506 meum
234 444 321 517 erat,
344 445 378 506 el
399 433 509 505 verbo
530 436 651 507 millies
677 449 711 506 et
737 460 828 509 nune
853 440 990 532 seriptis
1012 441 1178 533 implesse

99 559 239 642 videor3
260 580 365 649 quam
393 557 438 628 ad
457 562 655 628 extremuni
675 559 866 642 efficaciter,
889 561 1013 632 ilerum
1034 562 1120 647 dice,
1142 571 1178 632 tu

99 680 240 752 videris.
255 681 423 773 Deinceps
441 680 533 752 enim
552 692 666 752 tacere
683 681 790 772 eligo,
808 693 842 753 et
860 681 908 752 rei
927 683 1059 754 exitum
1079 687 1113 754 in
1132 685 1180 754 si-

100 803 205 874 lentio
225 803 391 897 opperiri,
415 805 462 874 ita
480 815 517 875 ut
538 802 566 872 si
588 804 746 875 evaseris
761 803 864 875 saluti
881 813 961 890 tuae,
985 805 1013 873 si
1035 806 1179 900 perieris

100 924 181 998 fidei
204 946 294 996 meae
320 927 491 1016 gratuler,
518 946 614 1018 quae,
642 936 879 998 contumacem
907 927 985 997 lieet
1011 935 1046 996 et
1066 926 1181 1018 ingra-

101 1057 186 1133 tum,
215 1047 350 1139 magnis
377 1057 490 1119 tamen
521 1069 616 1141 saepe
648 1049 859 1121 clamoribus
887 1062 990 1142 atque
1015 1050 1048 1119 in
1076 1048 1180 1120 finem

102 1171 214 1244 tacitis
234 1171 337 1253 notis,
363 1192 473 1262 usque
494 1170 539 1241 ad
559 1174 730 1242 tumulum
757 1182 942 1264 prosecuta
968 1173 1027 1256 sit,
1052 1184 1089 1244 ut
1115 1172 1181 1243 nisi

103 1297 203 1369 valde
225 1319 280 1367 me
306 1296 389 1368 fallit
408 1295 539 1387 opinio,
566 1316 632 1367 nec
662 1318 738 1367 mea
759 1298 870 1366 solum
895 1295 956 1366 sed
978 1298 1180 1379 multorum,

102 1423 208 1492 immo
225 1420 388 1501 omnium,
415 1417 480 1487 nisi
500 1418 586 1488 forte
607 1421 811 1512 complicum
835 1428 985 1500 tuorum,
1007 1438 1182 1509 nunquam

102 1547 223 1617 deme
248 1543 336 1615 iuste
361 1541 492 1633 aliquid
517 1542 622 1612 vivus
650 1554 710 1613 aut
735 1552 894 1612 mortuus
921 1542 1032 1633 quaeri
1057 1541 1180 1635 possit.

103 1667 274 1736 Caeterum
302 1666 385 1758 quia
411 1675 444 1736 te
468 1664 603 1736 reditus
628 1664 769 1735 avidum
799 1676 835 1734 nt
861 1665 989 1746 sentio,
1017 1683 1086 1733 non
1112 1662 1181 1734 mei

103 1810 199 1859 amor
218 1796 280 1858 ant
305 1787 461 1868 virtutis
490 1786 551 1857 sed
576 1787 672 1857 exilii
700 1790 748 1858 tui
774 1790 891 1858 forsan
919 1786 1184 1859 incommoditas

103 1909 196 1991 facit,
216 1928 426 2000 quamquam
448 1907 506 1978 tibi
527 1909 731 2001 perproprie
748 1907 814 1980 dici
835 1921 954 2001 posset
968 1908 1062 2000 quod
1085 1907 1186 1978 Tibe-

105 2034 155 2103 rio
173 2029 352 2124 respondit
372 2029 555 2121 Angustus
576 2054 596 2102 e
618 2054 762 2104 secessu
782 2032 817 2101 in
839 2032 919 2103 odio
946 2032 991 2102 ad
1030 2030 1189 2101 revisen-

105 2154 168 2225 das
202 2151 481 2244 necessitudines
509 2154 656 2225 reditum
680 2154 864 2248 flagitanti,
889 2165 926 2225 ut
955 2153 1188 2225 «dimitteres

105 2277 260 2347 omnium
280 2287 416 2347 tuorum
439 2298 556 2346 curam
578 2299 668 2370 quos
692 2290 758 2349 tam
781 2279 907 2371 cupide
928 2277 1148 2370 reliquisses,
1171 2302 1185 2338 n

107 2395 326 2488 respondebo
347 2407 463 2465 tamen
480 2399 589 2466 aliter.
605 2400 694 2467 Dum
712 2409 745 2470 te
763 2422 886 2469 sanum
901 2411 936 2469 et
948 2400 1087 2492 qualem
1108 2417 1189 2468 esse

107 2517 209 2586 iubeo
230 2534 300 2583 non
322 2525 390 2582 tam
412 2515 623 2605 opinaberis,
651 2540 756 2608 quam
783 2521 885 2602 seies,
909 2521 1013 2612 inque
1038 2518 1104 2590 bae
1130 2540 1191 2610 pa-

113 2641 193 2730 gina
215 2638 314 2732 quasi
337 2640 371 2708 in
392 2641 533 2733 speculo
553 2638 728 2711 detersam
749 2641 853 2712 animi
876 2643 925 2712 tui
951 2641 1072 2712 faciem
1092 2639 1192 2710 vide-

109 2763 181 2847 bis,
206 2773 278 2833 tum
296 2762 453 2843 demum,
474 2785 538 2834 nee
556 2764 695 2834 volente
715 2785 769 2834 me
786 2764 899 2858 prius,
914 2767 1048 2835 vultum
1065 2783 1190 2844 meum,

108 2911 213 2980 quem
235 2908 398 2958 serenum
422 2886 481 2957 tibi
505 2909 544 2958 ac
565 2886 698 2959 facilem
717 2888 971 2984 contempsisti,
992 2910 1059 2959 non
1079 2894 1116 2957 ut
1136 2906 1193 2956 se·
1291 2899 1294 2902 ⁴

109 3017 169 3093 les,
192 3011 255 3084 sed
279 3023 315 3083 ut
337 3009 395 3081 tibi
414 3009 567 3106 expedit,
590 3021 626 3082 ut
643 3032 699 3081 me
717 3011 828 3094 decet,
846 3023 879 3083 te
896 3011 1056 3082 visurum
1077 3029 1191 3102 spera.

111 3134 187 3204 Scio
205 3133 298 3203 enim
319 3133 415 3225 quod
435 3145 468 3204 te
487 3131 639 3226 perdidit
655 3131 802 3203 facilitas
826 3154 912 3202 mea.
936 3129 1073 3201 Curabo
1094 3149 1138 3199 ne
1159 3136 1193 3199 te

111 3256 259 3348 amplius
280 3256 406 3349 pietate
426 3255 570 3349 impium
587 3257 726 3340 fecisse,
746 3259 801 3326 vel
827 3253 977 3325 amando
998 3249 1193 3344 perdidisse

111 3378 244 3450 videar.
268 3379 340 3448 Hoc
362 3378 420 3448 tibi
442 3399 510 3449 non
530 3401 578 3449 ex
594 3382 735 3450 oraculo
757 3378 924 3472 Apollinis
945 3373 1076 3471 Pythii,
1097 3374 1195 3445 utait

113 3502 247 3586 Cicero,
271 3500 333 3572 scd
354 3499 480 3571 Christi
500 3522 560 3573 ore
581 3501 711 3574 dictum
734 3514 830 3595 puta:
853 3501 936 3572 nihil
956 3500 1094 3583 certius,
1110 3497 1194 3569 nihil

113 3634 168 3695 est·
190 3624 318 3696 verius.
494 3622 495 3625 ’

254 3780 415 3852 Mediolani,
432 3781 471 3837 ΙΙΙ
488 3782 626 3839 Kalendas
642 3783 822 3856 Septembris.
