2670 4688
288 277 380 325 umuu
404 276 931 327 vicesruosrsurms-uursrouu
958 277 1019 324 xvi.
1128 263 1184 325 *231

105 435 203 515 paler
221 423 369 516 optime,
392 444 601 516 semperque
627 422 711 494 mihi
738 424 786 518 isi
813 426 917 496 latine
941 424 1081 518 dicitur)
1104 425 1187 518 piis-

105 547 203 631 sime,
226 569 270 619 oe
290 547 416 619 effectu
437 544 541 616 nimio
563 557 621 617 tue
641 545 752 639 pietas
767 545 949 618 exorbitet.
966 545 1115 618 Volebas
1130 569 1186 617 me

106 691 271 760 maguum
289 667 421 760 aliquid
441 670 577 739 locere:
600 690 669 739 nou
691 669 884 739 suecessit:
911 679 946 739 ot
968 670 1066 760 quod
1086 692 1187 742 nemo

104 793 267 872 vetuerit,
304 813 450 884 parvum
484 811 574 860 omo.
608 790 661 860 Nil
699 789 782 860 novi
808 792 970 883 postulo:
1005 792 1057 861 lec
1092 791 1188 883 quod

106 918 213 998 solos,
237 936 361 1006 meque
385 924 482 985 tuum
502 914 537 983 iu
558 914 623 985 hac
644 935 789 1004 magna,
809 912 905 1006 quod
925 922 1083 1004 stupeas,
1101 913 1188 986 urbe

106 1038 317 1129 solivagum,
337 1037 405 1108 etsi
426 1036 490 1106 rite
510 1036 590 1106 olim
611 1057 632 1107 o
653 1056 709 1106 me
729 1035 807 1128 ipso
833 1035 984 1106 mundus
1009 1035 1097 1107 alter
1121 1034 1189 1105 Ve-

107 1159 200 1231 netia
224 1159 319 1230 dicte
342 1170 409 1242 est,
443 1170 515 1231 toto
546 1165 719 1229 semotum
745 1156 831 1228 orbe
857 1180 900 1229 oe
932 1158 1094 1242 deseras,
1126 1156 1188 1228 sed

105 1284 234 1374 optatis
256 1281 393 1374 seriptis
415 1283 534 1353 refove
555 1280 742 1353 sitientiem
763 1281 929 1363 animum,
956 1290 994 1350 et
1019 1280 1128 1351 sacris
1148 1302 1189 1350 ac

105 1403 267 1476 dulcibus
302 1407 416 1477 solere
449 1405 653 1496 colloquiis:
684 1403 838 1497 denique
871 1427 978 1477 unum
1014 1381 1081 1475 lroo
1114 1405 1189 1474 iure

108 1548 187 1598 meo
207 1529 358 1620 postulo,
386 1538 422 1598 ut
446 1527 475 1597 si
504 1529 597 1597 nulla
629 1527 699 1597 mei
731 1546 816 1618 erge
851 1536 884 1599 te
913 1526 1018 1597 aoimi
1044 1525 1190 1597 mutatio

105 1652 193 1721 leole
215 1658 281 1734 est,
303 1648 395 1743 opud
418 1659 452 1720 te
471 1670 539 1741 ego
560 1646 638 1718 telis
659 1647 819 1720 iuvenior
840 1650 956 1741 qualis
972 1669 1085 1732 eram,
1103 1648 1188 1719 dum

105 1796 162 1843 me
180 1773 285 1845 alium
304 1774 418 1843 lucere
436 1769 587 1842 voluisti.
607 1770 652 1840 Et
668 1784 762 1843 oerte
779 1771 861 1842 novi
878 1771 1031 1842 animum
1048 1791 1190 1862 quoque

107 1904 205 1963 tuum
227 1894 272 1963 ad
290 1915 345 1963 me
367 1893 515 1965 similem
536 1895 591 1966 sui
614 1917 768 1987 semper;
788 1894 850 1964 sed
869 1895 899 1963 si
917 1894 1062 1965 allectus
1079 1891 1186 1974 idem,

106 2039 169 2087 cur
188 2015 353 2088 diversus
374 2016 542 2086 ellectus‘.l
563 2019 664 2088 Deles
691 2028 776 2110 puto
801 2016 895 2108 quod
923 2036 1013 2086 nunc
1040 2014 1189 2107 primum

107 2160 174 2208 oon
196 2141 371 2210 valuerint
398 2161 459 2233 pro
487 2161 543 2210 me
568 2138 661 2232 opud
688 2140 863 2210 Caesarem
885 2159 1008 2233 preces
1031 2149 1111 2208 tuae.
1138 2136 1189 2206 Ne

106 2262 226 2334 doleas
247 2284 379 2355 precor.
404 2263 478 2352 Ego
500 2284 652 2355 namque
674 2283 741 2332 nou
761 2263 886 2334 doleo:
910 2263 1051 2332 doleant
1071 2259 1187 2342 amici,

107 2384 236 2477 quibus
269 2382 440 2473 quidquid
472 2385 506 2453 id
536 2394 611 2454 eret
638 2382 785 2456 subsidii
823 2384 1069 2476 quaerebatur3
1105 2382 1188 2451 mihi

108 2507 175 2575 iem
203 2527 314 2595 pauca
339 2505 524 2576 sufficiunt.
559 2506 594 2576 Si
627 2516 786 2577 naturam
815 2527 940 2595 meque
966 2526 1095 2594 sequor
1122 2525 1189 2575 uon

109 2638 164 2696 sat
183 2625 287 2696 modo
308 2625 372 2696 sed
392 2625 546 2706 abunde,
575 2650 687 2719 usque
712 2648 852 2719 quoque
878 2626 922 2696 ad
949 2626 1115 2696 invidiam
1140 2630 1190 2698 lo-

108 2751 227 2840 cuples
249 2769 338 2820 sum.
358 2747 392 2818 Si
414 2748 555 2841 quidet
576 2751 662 2821 forle
683 2771 776 2819 nune
792 2747 938 2829 deleret,
960 2769 1003 2818 eu
1027 2759 1189 2818 senectus

107 2873 141 2941 iu
175 2872 292 2942 limine
317 2873 471 2965 expetite
498 2872 591 2944 votis
617 2873 761 2965 hospes,
797 2864 961 2963 morsque
982 2871 1028 2940 illi
1050 2892 1069 2941 a
1091 2882 1191 2962 tergo

107 2995 327 3087 adaequatrix
346 2997 490 3089 optime,
514 3017 719 3090 secumque,
740 2994 873 3067 divitiae
892 2994 1069 3085 ingentes
1097 2995 1189 3064 nulle

108 3117 239 3187 scilicet
274 3119 422 3211 emplius
455 3140 494 3191 re
524 3140 642 3210 egere.
675 3116 851 3189 Voluntati
884 3136 951 3207 ego
983 3115 1089 3205 igilur
1121 3126 1191 3184 tuae

106 3237 238 3325 gratias
267 3259 356 3329 ago:
391 3241 616 3313 inefficaciam
649 3242 799 3311 lortunae
829 3258 928 3337 meaey
947 3237 1094 3328 imputo,
1123 3256 1189 3306 nou

108 3354 181 3439 tibi,
207 3379 274 3428 nou
296 3359 442 3445 Caesuri,
465 3360 520 3431 oui
541 3383 682 3455 semper
699 3382 805 3454 supra
824 3359 985 3430 meritum
1003 3378 1108 3430 cerus
1124 3357 1188 3440 lui,

105 3481 251 3571 quique,
275 3482 330 3551 vel
351 3481 448 3572 quod
468 3505 561 3554 nunc
581 3493 686 3574 negat
710 3505 793 3555 mox
820 3480 1011 3574 praestabit,
1038 3480 1098 3551 vel
1124 3481 1189 3550 lor·

106 3618 202 3677 losse
229 3603 323 3695 quod
347 3603 392 3674 eb
413 3605 505 3676 illius
530 3607 701 3677 altissima
726 3603 945 3700 providentia
972 3624 1042 3673 nou
1065 3601 1191 3673 ablior-

106 3739 173 3812 ret,
201 3725 362 3818 negando
391 3725 474 3795 mihi
503 3729 674 3800 consulit:
709 3729 769 3820 qui
814 3740 990 3821 postremo
1028 3726 1190 3818 quemvis

107 3852 173 3922 hoo
206 3872 347 3943 semper
379 3861 495 3940 neget,
531 3862 601 3922 tom
634 3853 742 3923 mulla
768 3863 883 3922 tomen
908 3849 990 3921 olim
1013 3848 1187 3943 praestitit,

107 3984 146 4043 ut
171 3996 219 4044 ex
246 3973 366 4046 debito
394 3983 522 4056 tenear,
557 3970 640 4043 dum
674 3974 768 4057 vivo,
790 3972 919 4065 pedum
949 3973 1024 4044 eius
1044 3973 1190 4044 adorare

108 4096 269 4188 vestigia.
292 4098 374 4170 Haec
397 4097 573 4169 haetenus.
602 4095 635 4168 ls
662 4115 746 4167 sene
766 4094 827 4187 qui
849 4096 938 4168 liano
960 4095 1018 4167 tibi
1039 4098 1188 4168 litteram
