2670 4688
127 252 187 311 fillli
466 258 507 305 llll
527 257 628 304 ttrittts
649 256 871 305 l'altttlattllttls

126 408 294 502 utuplius!
317 405 430 489 Quam
453 406 559 475 multa
582 417 738 496 pereunt,
767 405 837 475 imo
856 427 961 497 quam
986 407 1074 479 nibil
1098 426 1212 484 manet

125 528 281 601 omnium
301 546 384 620 quae
397 526 465 597 sub
483 528 556 597 sole
570 525 734 597 versabili
748 546 842 598 coeoa
858 528 944 599 texit
957 527 1148 605 industria.
1162 535 1210 605 ul

126 650 262 723 laboras
279 668 455 739 curasquc
477 647 671 719 bominum!
696 648 748 717 Ob
768 661 905 742 tempus
918 647 1031 722 breve
1049 652 1116 725 sed
1136 676 1212 747 per-

124 772 250 845 ditum!
273 770 325 842 Oh
344 770 535 841 vanitatem
555 768 826 864 superbiamque
842 770 887 842 de
906 771 1015 844 nihilo
1035 777 1137 866 quod
1155 798 1212 849 su·

126 916 219 977 tuus,
240 893 336 987 quod
358 893 509 982 agimus,
531 891 626 984 quod
648 894 847 985 speramus!
882 891 970 976 Quis
1004 916 1096 968 vero
1120 922 1210 973 nunc

126 1014 246 1089 lumini
267 1013 352 1086 lidal
371 1012 558 1104 ambiguu‘.l
578 1013 742 1084 Summus
762 1013 890 1106 eloquii
903 1015 962 1085 Sol
974 1017 1138 1112 eclipsim
1153 1044 1210 1116 pa-

126 1137 230 1209 titur:
253 1137 334 1230 quis
353 1135 465 1229 quaeri
485 1132 614 1205 audeat
633 1135 748 1227 perire
774 1134 840 1206 sibi
866 1137 1014 1229 aliquid,
1041 1149 1108 1211 aut
1132 1144 1209 1234 quis

125 1258 266 1331 omnino
286 1277 488 1329 mansurum
510 1254 575 1325 sibi
595 1254 787 1349 quidquam
801 1258 972 1350 spondeat
982 1279 1031 1329 ex
1043 1261 1209 1336 omnibus

126 1381 252 1455 studiis
284 1381 384 1451 suis?
414 1377 490 1447 Non
525 1398 633 1469 parva
664 1399 711 1448 ex
743 1389 841 1472 parte
864 1379 1058 1453 Homericae
1080 1385 1208 1477 vigilie

126 1502 312 1596 perierunt,
334 1519 403 1569 non
431 1510 500 1569 tam
522 1498 636 1581 nobis,
670 1520 773 1571 namo
803 1501 896 1570 euim
930 1502 1083 1593 perdidit
1116 1509 1208 1599 quod

126 1645 194 1695 non
217 1619 352 1703 babuit,
374 1642 480 1712 quam
501 1619 630 1705 Graiis,
651 1621 711 1713 qui
733 1642 776 1692 ne
794 1642 864 1714 qua
884 1622 985 1694 nobis
1000 1623 1034 1694 in
1049 1646 1091 1697 re
1107 1627 1209 1701 oede-

126 1757 213 1826 rent,
236 1742 413 1837 ignaviam
435 1762 575 1835 quoque
593 1751 749 1814 nostram
767 1742 802 1813 in
825 1743 948 1816 litteris
969 1724 1206 1841 supergressi,

126 1865 263 1938 Homeri
289 1863 396 1935 libros
423 1867 552 1935 multos
582 1862 684 1955 quasi
719 1863 862 1935 totidem
894 1865 1036 1938 alterius
1061 1889 1207 1944 suorum

126 1988 295 2061 luminum
317 1984 433 2058 radios
454 1987 626 2056 amisere:
653 1983 784 2076 indigui
808 1985 868 2077 qui
895 1986 961 2059 bac
986 2000 1081 2061 tanta
1104 1994 1208 2065 creci-

128 2119 199 2182 tate
219 2111 337 2200 fulgur
357 2106 441 2178 illud
467 2105 632 2178 babuisse
660 2105 863 2196 glorientur.
896 2109 1006 2182 lllovil
1035 2122 1207 2205 praeteoea

127 2229 380 2320 suspenditque
405 2225 558 2296 animum
587 2226 735 2317 legentis
761 2229 857 2319 quod
880 2227 927 2300 de
953 2239 1013 2303 tuo
1039 2230 1111 2306 line
1137 2256 1208 2307 me·

129 2350 283 2423 morasti.
305 2348 475 2434 Quamvis
495 2348 588 2420 anim
607 2350 712 2419 etiam
733 2350 826 2443 apud
847 2363 986 2423 nostros
1005 2351 1063 2425 illa
1082 2358 1208 2430 mortis

123 2473 215 2544 lanra
231 2472 375 2563 vulgata
396 2470 455 2555 sit,
478 2482 584 2565 atque
604 2471 680 2566 ipse
699 2493 766 2564 ego
791 2469 874 2542 alibi
898 2474 1023 2544 lamam
1050 2495 1209 2570 sequens

123 2595 215 2668 idem
237 2596 451 2691 scripserim,
474 2594 539 2666 sed
559 2604 641 2667 nota
661 2592 900 2685 ambiguitatis
921 2592 1092 2681 adbibita;
1107 2597 1210 2673 iuva·

123 2719 183 2793 bat
202 2732 332 2803 tamen,
355 2731 401 2802 et,
419 2719 452 2791 si
473 2718 574 2801 sinis,
599 2718 695 2790 iuvat
713 2717 760 2789 de
779 2726 814 2787 te
839 2716 942 2787 simul
967 2738 1009 2789 ac
1034 2719 1210 2814 Sophocle

124 2840 247 2911 melius
280 2840 432 2932 opinari,
467 2862 573 2931 quam
606 2847 644 2910 ul
677 2837 986 2913 turbulentissimae
1017 2843 1208 2935 passiones

122 2959 227 3032 animi
248 2980 378 3037 moeror
405 2969 442 3029 et
461 2959 628 3049 gaudium
662 2969 795 3030 tautum
828 2963 863 3033 in
898 2975 967 3035 mm
996 2964 1208 3041 caelestibus

123 3082 280 3177 potuisse
301 3080 487 3152 videantur
507 3082 666 3172 ingeniis.
688 3081 774 3154 Nam
796 3083 841 3156 de
862 3083 1071 3157 Philemonis
1089 3089 1206 3174 exitu,

122 3204 152 3274 si
172 3206 274 3274 lanrae
293 3200 482 3284 credimus,
502 3199 661 3286 ridiculo,
683 3202 849 3294 graviora
865 3204 1005 3276 tandem
1024 3214 1060 3277 et
1079 3208 1209 3300 opina-

123 3325 244 3395 biliora
263 3322 466 3406 didicimus,
489 3343 557 3394 uon
584 3323 656 3393 risu
690 3325 786 3394 illurn
814 3333 853 3396 ut
880 3324 997 3397 dicere
1029 3326 1208 3416 solebant,

121 3446 182 3516 scd
210 3446 243 3513 vi
271 3442 422 3535 quadam
449 3444 750 3541 contemplationis
774 3446 955 3519 altissimae
980 3451 1204 3543 consopitum

120 3568 314 3660 expirasse.
353 3566 420 3638 Sed
449 3567 494 3639 ad
528 3581 561 3639 te
591 3590 697 3639 unum
729 3578 929 3660 sortemque
962 3581 1061 3642 tuam
1081 3573 1204 3658 redeo,

121 3711 224 3782 nquam
246 3691 386 3784 copiose
406 3689 594 3762 admodum
615 3702 651 3763 et
676 3690 831 3782 graviter
855 3691 1055 3785 deplorasti.
1078 3695 1206 3769 solare

121 3823 236 3885 autent
251 3835 373 3905 ‹quaeso
386 3813 553 3896 animum,
569 3812 758 3904 faciesque,
776 3823 893 3882 certus
911 3834 1001 3896 sum,
1017 3813 1205 3890 sidiscus-

121 3938 170 4005 sis
192 3935 412 4029 passionibus
432 3935 477 4009 ad
491 3949 523 4007 tc
538 3933 642 4008 redis.
658 3931 1075 4021 calummiatoribus,
1090 3941 1201 4010 multa

120 4059 165 4131 un
187 4059 331 4131 uttltntis
355 4057 618 4131 insultatoribus
637 4062 784 4149 questus
805 4075 866 4125 cs:
888 4055 978 4125 iusto
999 4058 1139 4148 quidem
1164 4062 1199 4133 iu
