2670 4688
344 254 436 302 utnnn
459 252 983 304 ntcesrnusrnnrrus—nrnsroun
1006 256 1035 304 n.
1179 246 1237 308 195

158 395 245 468 citer
259 403 295 466 tu
309 394 453 466 videris.
468 392 560 476 Mihi,
578 393 605 463 si
620 395 709 463 ultra
724 416 903 485 nequeam,
920 398 1005 469 satis
1019 407 1084 482 est,
1099 410 1134 470 et
1143 401 1237 471 retati

158 538 246 588 meae
265 529 299 587 et
323 515 514 610 posteritati
542 516 682 606 insuper
708 514 799 586 fideli
825 520 937 590 officio
962 522 1115 593 iunctum
1141 544 1234 607 esse,

158 639 251 731 qnod
271 650 306 711 et
328 660 422 730 saepe
440 637 520 707 olim
538 637 661 707 secisse
674 637 807 722 videor,
826 650 861 709 et
876 642 905 709 si
922 642 1006 733 qnid
1016 644 1145 731 deerat,
1162 647 1237 718 haec

157 763 233 835 dies
253 762 420 855 implevit.
443 758 615 829 Necdum
639 769 754 829 tamen
781 783 899 832 curam
928 763 1018 834 illarn
1041 767 1137 855 attigi
1157 790 1238 858 quae

157 886 309 957 animum
342 895 438 954 tuum
470 902 608 971 semper
636 881 735 972 gravi
766 881 893 976 pioque
926 887 1065 976 negotio
1098 910 1235 978 urgere,

158 1028 253 1099 saepe
285 1007 404 1076 oculos
435 1004 584 1074 lacrimis
618 1003 762 1094 impiere
789 1003 966 1076 debuerat.
996 1007 1116 1077 Nonne
1145 1011 1236 1080 enim

156 1128 313 1219 vigilanti
332 1127 512 1220 sopitoque
527 1124 587 1195 tibi
605 1126 755 1197 occurrit
767 1127 987 1199 Hierusalem
1000 1129 1235 1226 vidua,inopS,
1268 1094 1279 1114 ⁸

157 1248 307 1342 captiva,
335 1270 453 1332 serva,
476 1249 605 1319 misera
625 1269 706 1341 quae
727 1251 860 1319 nullum
879 1250 947 1320 iam
969 1251 1103 1322 nisiex
1124 1263 1157 1324 te
1176 1275 1238 1345 po·

157 1372 222 1443 scit
241 1395 282 1444 ac
308 1381 427 1466 sperat
451 1365 644 1442 auxilium?
663 1372 755 1443 lnter
771 1372 848 1442 haec
870 1385 907 1444 tu
929 1395 1087 1445 somnum
1110 1378 1234 1461 nculiS,

155 1505 216 1566 aut
246 1493 421 1587 palpebris
446 1492 742 1578 dormitationem,
760 1504 821 1564 ant
841 1496 998 1588 requiem
1020 1498 1236 1591 temporibus

156 1617 224 1687 tuis
246 1615 395 1710 praebes.
417 1614 686 1707 Expergiscere,
709 1615 911 1708 imperator:
934 1619 1021 1689 hora
1038 1631 1109 1706 est,
1132 1621 1237 1692 immo

155 1761 239 1812 vero
260 1741 329 1810 iam
351 1737 500 1811 transiit:
528 1740 698 1821 accelera,
722 1747 758 1809 et
779 1738 898 1811 virtuti
922 1743 1037 1813 calcar
1062 1743 1237 1835 ingemina

155 1872 194 1934 ut
207 1862 390 1953 segnitiem
405 1860 811 1952 velocitatecompenses.
828 1862 950 1952 Surge,
966 1863 1116 1954 inquam,
1132 1884 1236 1955 surge

156 1984 222 2054 iam
245 1985 453 2078 Imperator,
477 2001 599 2074 surge,
621 1989 657 2051 et
680 1982 867 2052 clamorem
893 1981 992 2051 urbis
1018 1992 1123 2075 atque
1143 1983 1237 2054 orbis

156 2119 190 2178 te
208 2107 366 2179 vocantis
384 2105 529 2187 exaudi3
550 2104 699 2176 confrica
719 2106 840 2177 oculos
856 2113 893 2174 et
908 2104 1146 2197 circumspice,
1169 2106 1238 2175 lm-

154 2237 308 2320 perator;
330 2228 467 2300 videbis
488 2229 597 2299 multa
614 2250 695 2319 quae
714 2226 841 2318 corrigi
865 2227 988 2312 velint,
1009 2237 1046 2298 et
1066 2227 1237 2319 intelliges

154 2370 224 2421 non
245 2349 306 2420 tibi
327 2349 392 2420 hoc
418 2371 544 2421 nemen
570 2349 768 2442 impositum
795 2358 833 2420 nt
858 2350 1031 2443 quiescas.
1053 2350 1136 2420 Mihi
1160 2351 1238 2442 qui·

155 2472 235 2543 dem
256 2472 290 2541 in
311 2470 469 2563 epistolis
489 2471 653 2542 omnibns
679 2471 724 2542 nd
750 2480 784 2542 te
810 2471 929 2542 missis
956 2473 1059 2541 stilus
1081 2473 1172 2543 idem
1197 2493 1238 2543 ac

156 2594 300 2664 materia
322 2614 391 2663 una
412 2601 481 2673 est,
503 2591 701 2664 exhortatio
719 2592 848 2662 scilieet
862 2593 1133 2685 increpatinqne,
1152 2612 1239 2683 que-

156 2715 313 2786 rimoniae
338 2725 375 2786 et
399 2712 588 2785 verborum
610 2713 750 2784 stimuli.
779 2712 889 2795 Ande,
918 2733 994 2797 cro,
1016 2713 1237 2806 aliquidque

155 2837 239 2908 mihi
260 2860 329 2909 nnn
347 2860 486 2932 semper
506 2834 708 2909 exorandus
725 2846 830 2928 atque
848 2834 1040 2927 urgendus,
1057 2834 1121 2904 sed
1141 2854 1238 2906 coer-

154 2962 287 3033 cendus
305 2959 493 3055 aliqnando
506 2961 662 3044 videare,
677 2970 714 3031 et
733 2959 905 3030 interdum
919 2960 1040 3042 lraeno,
1055 2980 1124 3030 nco
1145 2979 1238 3030 sem-

155 3106 218 3176 per
237 3084 432 3155 cnlcaribns
453 3083 604 3175 eguisse.
626 3082 823 3154 Aristotelis
844 3080 1026 3173 disciplina
1050 3091 1107 3152 est
1126 3102 1238 3173 quan·

157 3213 229 3274 tum
251 3205 333 3274 milri
354 3205 496 3276 videtur
512 3227 583 3277 non
602 3204 777 3287 inefficax,
801 3213 838 3306 ut
859 3206 918 3296 qni
940 3203 974 3305 in
991 3204 1102 3273 altero
1118 3212 1236 3272 extre-

156 3330 292 3394 morum
304 3347 449 3419 peccare
465 3328 587 3397 solitus
603 3326 719 3412 inerit,
740 3346 820 3397 sese
832 3325 866 3394 in
880 3324 1090 3409 contrarium
1106 3323 1231 3407 trahat,

156 3444 250 3542 quud
264 3454 418 3518 tortuosa
431 3448 604 3538 lignorum
619 3448 810 3541 dirigentes
825 3447 968 3531 iaciunt,
985 3456 1023 3516 ut
1035 3443 1145 3515 verbo
1158 3455 1236 3515 utar

156 3570 289 3663 ipsius:
312 3568 362 3640 sic
382 3570 473 3640 enim
494 3570 538 3641 ad
559 3571 711 3651 medium
732 3581 768 3643 et
787 3569 832 3641 ad
851 3578 983 3642 rectum
1003 3568 1136 3639 facilius
1156 3570 1235 3660 per-

155 3692 305 3764 venitur.
333 3693 509 3762 Hactenus
535 3693 628 3784 qnod
653 3715 753 3764 mens
783 3694 868 3764 tulit.
897 3674 996 3762 Nunc
1021 3688 1176 3760 restabat
1195 3697 1235 3759 nt

154 3819 312 3912 epistolae
338 3829 407 3887 tuae
434 3815 688 3886 satisfacerem:
716 3817 780 3888 sed
809 3816 971 3908 quoniam
999 3824 1036 3883 tn
1061 3811 1145 3884 illud
1176 3812 1232 3883 vis

156 3950 342 4024 secretum,
361 3961 428 4031 ego
442 3947 556 4010 autem
576 3936 653 4008 haec
666 3949 747 4008 nota
764 3936 926 4009 omnibns
940 3937 1060 4021 velim,
1075 3936 1230 4010 dividam

155 4083 212 4134 res
233 4061 407 4146 diversas,
435 4073 470 4133 ct
495 4061 589 4155 quod
613 4082 659 4130 ex
686 4059 904 4168 mellagitas
936 4081 1094 4141 seorsum
1120 4061 1227 4150 leges.
