<?xml version="1.0" encoding="UTF-8"?>
<!DOCTYPE html PUBLIC "-//W3C//DTD XHTML 1.0 Transitional//EN"
    "http://www.w3.org/TR/xhtml1/DTD/xhtml1-transitional.dtd">
<html xmlns="http://www.w3.org/1999/xhtml" xml:lang="en" lang="en">
 <head>
  <title>
</title>
<meta http-equiv="Content-Type" content="text/html;charset=utf-8" />
  <meta name='ocr-system' content='tesseract 3.04.00' />
  <meta name='ocr-capabilities' content='ocr_page ocr_carea ocr_par ocr_line ocrx_word'/>
</head>
<body>
  <div class='ocr_page' id='page_1' title='image "./epistolaederebu01fracgoog_0120.png"; bbox 0 0 2670 4688; ppageno 0'>
   <div class='ocr_carea' id='block_1_1' title="bbox 215 264 956 329">
    <p class='ocr_par' dir='ltr' id='par_1_1' title="bbox 215 264 956 329">
     <span class='ocr_line' id='line_1_1' title="bbox 215 264 956 329; baseline 0.001 -3"><span class='ocrx_word' id='word_1_1' title='bbox 215 264 273 326; x_wconf 83' lang='grc' dir='ltr'>ιιι)</span> <span class='ocrx_word' id='word_1_2' title='bbox 548 277 589 327; x_wconf 82' lang='lat' dir='ltr'><strong>nn</strong></span> <span class='ocrx_word' id='word_1_3' title='bbox 611 277 711 327; x_wconf 81' lang='lat' dir='ltr'><strong>ansus</strong></span> <span class='ocrx_word' id='word_1_4' title='bbox 732 276 956 329; x_wconf 75' lang='lat' dir='ltr'><strong>rlummarnns</strong></span> 
     </span>
    </p>
   </div>
   <div class='ocr_carea' id='block_1_2' title="bbox 162 411 1309 4162">
    <p class='ocr_par' dir='ltr' id='par_1_2' title="bbox 162 411 1309 4162">
     <span class='ocr_line' id='line_1_2' title="bbox 214 411 1302 504; baseline 0.014 -21"><span class='ocrx_word' id='word_1_5' title='bbox 214 433 290 484; x_wconf 89' lang='lat' dir='ltr'><strong>rum</strong></span> <span class='ocrx_word' id='word_1_6' title='bbox 318 413 428 504; x_wconf 81' lang='lat' dir='ltr'><strong>gloria</strong></span> <span class='ocrx_word' id='word_1_7' title='bbox 448 411 494 484; x_wconf 91' lang='lat' dir='ltr'><strong>ad</strong></span> <span class='ocrx_word' id='word_1_8' title='bbox 515 413 669 484; x_wconf 89' lang='lat' dir='ltr'><strong>merendi</strong></span> <span class='ocrx_word' id='word_1_9' title='bbox 695 416 846 487; x_wconf 89' lang='lat' dir='ltr'><strong>studium</strong></span> <span class='ocrx_word' id='word_1_10' title='bbox 873 418 1010 487; x_wconf 90' lang='lat' dir='ltr'><strong>animos</strong></span> <span class='ocrx_word' id='word_1_11' title='bbox 1035 419 1181 504; x_wconf 86' lang='lat' dir='ltr'><strong>excitet,</strong></span> <span class='ocrx_word' id='word_1_12' title='bbox 1209 445 1302 499; x_wconf 90' lang='lat' dir='ltr'><strong>vera</strong></span> 
     </span>
     <span class='ocr_line' id='line_1_3' title="bbox 214 533 1298 632; baseline 0.013 -28"><span class='ocrx_word' id='word_1_13' title='bbox 214 545 329 605; x_wconf 89' lang='lat' dir='ltr'><strong>tamen</strong></span> <span class='ocrx_word' id='word_1_14' title='bbox 350 534 473 618; x_wconf 86' lang='lat' dir='ltr'><strong>virtus,</strong></span> <span class='ocrx_word' id='word_1_15' title='bbox 496 546 534 604; x_wconf 92' lang='grc' dir='ltr'><strong>ιιι</strong></span> <span class='ocrx_word' id='word_1_16' title='bbox 553 533 770 629; x_wconf 90' lang='lat' dir='ltr'><strong>philosophis</strong></span> <span class='ocrx_word' id='word_1_17' title='bbox 790 538 910 628; x_wconf 84' lang='lat' dir='ltr'><strong>placet,</strong></span> <span class='ocrx_word' id='word_1_18' title='bbox 930 538 1008 631; x_wconf 89' lang='lat' dir='ltr'><strong>ipsa</strong></span> <span class='ocrx_word' id='word_1_19' title='bbox 1027 539 1095 611; x_wconf 90' lang='lat' dir='ltr'><strong>sibi</strong></span> <span class='ocrx_word' id='word_1_20' title='bbox 1113 542 1298 632; x_wconf 91' lang='lat' dir='ltr'><strong>stimulus,</strong></span> 
     </span>
     <span class='ocr_line' id='line_1_4' title="bbox 213 653 1299 758; baseline 0.013 -31"><span class='ocrx_word' id='word_1_21' title='bbox 213 656 288 750; x_wconf 90' lang='lat' dir='ltr'><strong>ipsa</strong></span> <span class='ocrx_word' id='word_1_22' title='bbox 300 664 356 728; x_wconf 85' lang='lat' dir='ltr'><strong>est</strong></span> <span class='ocrx_word' id='word_1_23' title='bbox 368 653 565 747; x_wconf 81' lang='lat' dir='ltr'><strong>praemium,</strong></span> <span class='ocrx_word' id='word_1_24' title='bbox 582 656 658 749; x_wconf 91' lang='lat' dir='ltr'><strong>ipsa</strong></span> <span class='ocrx_word' id='word_1_25' title='bbox 672 656 738 729; x_wconf 85' lang='lat' dir='ltr'><strong>sibi</strong></span> <span class='ocrx_word' id='word_1_26' title='bbox 755 680 883 731; x_wconf 87' lang='lat' dir='ltr'><strong>cursus</strong></span> <span class='ocrx_word' id='word_1_27' title='bbox 899 671 935 732; x_wconf 86' lang='lat' dir='ltr'><strong>et</strong></span> <span class='ocrx_word' id='word_1_28' title='bbox 952 660 1130 734; x_wconf 84' lang='lat' dir='ltr'><strong>bravium:</strong></span> <span class='ocrx_word' id='word_1_29' title='bbox 1147 667 1299 758; x_wconf 78' lang='lat' dir='ltr'>proinde</span> 
     </span>
     <span class='ocr_line' id='line_1_5' title="bbox 212 774 1297 879; baseline 0.014 -32"><span class='ocrx_word' id='word_1_30' title='bbox 212 777 294 871; x_wconf 91' lang='lat' dir='ltr'><strong>quia</strong></span> <span class='ocrx_word' id='word_1_31' title='bbox 327 787 364 849; x_wconf 89' lang='lat' dir='ltr'><strong>tu</strong></span> <span class='ocrx_word' id='word_1_32' title='bbox 396 774 479 847; x_wconf 92' lang='lat' dir='ltr'><strong>mihi</strong></span> <span class='ocrx_word' id='word_1_33' title='bbox 514 779 695 850; x_wconf 82' lang='lat' dir='ltr'><strong>materiam</strong></span> <span class='ocrx_word' id='word_1_34' title='bbox 728 780 902 868; x_wconf 89' lang='lat' dir='ltr'><strong>obtulisti,</strong></span> <span class='ocrx_word' id='word_1_35' title='bbox 935 806 1041 877; x_wconf 88' lang='lat' dir='ltr'><strong>quam</strong></span> <span class='ocrx_word' id='word_1_36' title='bbox 1075 789 1297 879; x_wconf 87' lang='lat' dir='ltr'><strong>quaesiturus</strong></span> 
     </span>
     <span class='ocr_line' id='line_1_6' title="bbox 212 901 1297 995; baseline 0.012 -23"><span class='ocrx_word' id='word_1_37' title='bbox 212 910 425 995; x_wconf 75' lang='lat' dir='ltr'><strong>spontanou</strong></span> <span class='ocrx_word' id='word_1_38' title='bbox 445 904 594 985; x_wconf 90' lang='lat' dir='ltr'><strong>fueram,</strong></span> <span class='ocrx_word' id='word_1_39' title='bbox 617 901 702 973; x_wconf 90' lang='lat' dir='ltr'><strong>libet</strong></span> <span class='ocrx_word' id='word_1_40' title='bbox 721 902 899 990; x_wconf 90' lang='lat' dir='ltr'><strong>insistere,</strong></span> <span class='ocrx_word' id='word_1_41' title='bbox 923 914 961 976; x_wconf 86' lang='lat' dir='ltr'><strong>ut</strong></span> <span class='ocrx_word' id='word_1_42' title='bbox 980 928 1051 978; x_wconf 92' lang='lat' dir='ltr'><strong>non</strong></span> <span class='ocrx_word' id='word_1_43' title='bbox 1072 919 1207 981; x_wconf 88' lang='lat' dir='ltr'><strong>tanturn</strong></span> <span class='ocrx_word' id='word_1_44' title='bbox 1229 914 1297 985; x_wconf 83' lang='lat' dir='ltr'><strong>ial-</strong></span> 
     </span>
     <span class='ocr_line' id='line_1_7' title="bbox 211 1020 1297 1116; baseline 0.012 -23"><span class='ocrx_word' id='word_1_45' title='bbox 211 1043 266 1105; x_wconf 90' lang='lat' dir='ltr'><strong>so,</strong></span> <span class='ocrx_word' id='word_1_46' title='bbox 290 1020 381 1093; x_wconf 87' lang='lat' dir='ltr'><strong>sicut</strong></span> <span class='ocrx_word' id='word_1_47' title='bbox 400 1021 444 1093; x_wconf 91' lang='lat' dir='ltr'><strong>de</strong></span> <span class='ocrx_word' id='word_1_48' title='bbox 466 1043 505 1093; x_wconf 90' lang='lat' dir='ltr'><strong>se</strong></span> <span class='ocrx_word' id='word_1_49' title='bbox 527 1023 604 1115; x_wconf 87' lang='lat' dir='ltr'><strong>ipso</strong></span> <span class='ocrx_word' id='word_1_50' title='bbox 621 1032 658 1093; x_wconf 89' lang='lat' dir='ltr'><strong>et</strong></span> <span class='ocrx_word' id='word_1_51' title='bbox 674 1025 807 1095; x_wconf 85' lang='lat' dir='ltr'><strong>Seneca</strong></span> <span class='ocrx_word' id='word_1_52' title='bbox 825 1025 1057 1109; x_wconf 82' lang='lat' dir='ltr'><strong>Quintilianus</strong></span> <span class='ocrx_word' id='word_1_53' title='bbox 1075 1031 1136 1116; x_wconf 90' lang='lat' dir='ltr'><strong>ait,</strong></span> <span class='ocrx_word' id='word_1_54' title='bbox 1157 1031 1223 1103; x_wconf 88' lang='lat' dir='ltr'><strong>sed</strong></span> <span class='ocrx_word' id='word_1_55' title='bbox 1240 1036 1297 1106; x_wconf 93' lang='lat' dir='ltr'><strong>in-</strong></span> 
     </span>
     <span class='ocr_line' id='line_1_8' title="bbox 211 1143 1296 1243; baseline 0.015 -29"><span class='ocrx_word' id='word_1_56' title='bbox 211 1143 340 1217; x_wconf 88' lang='lat' dir='ltr'><strong>sidiose</strong></span> <span class='ocrx_word' id='word_1_57' title='bbox 360 1145 464 1216; x_wconf 91' lang='lat' dir='ltr'><strong>etiam</strong></span> <span class='ocrx_word' id='word_1_58' title='bbox 483 1145 693 1238; x_wconf 78' lang='lat' dir='ltr'><strong>penitusque</strong></span> <span class='ocrx_word' id='word_1_59' title='bbox 714 1148 876 1220; x_wconf 90' lang='lat' dir='ltr'><strong>malivole</strong></span> <span class='ocrx_word' id='word_1_60' title='bbox 902 1150 994 1243; x_wconf 91' lang='lat' dir='ltr'><strong>apud</strong></span> <span class='ocrx_word' id='word_1_61' title='bbox 1019 1156 1148 1225; x_wconf 90' lang='lat' dir='ltr'><strong>multos</strong></span> <span class='ocrx_word' id='word_1_62' title='bbox 1169 1154 1213 1226; x_wconf 86' lang='lat' dir='ltr'><strong>de</strong></span> <span class='ocrx_word' id='word_1_63' title='bbox 1235 1180 1296 1231; x_wconf 90' lang='lat' dir='ltr'><strong>me</strong></span> 
     </span>
     <span class='ocr_line' id='line_1_9' title="bbox 210 1267 1293 1369; baseline 0.013 -33"><span class='ocrx_word' id='word_1_64' title='bbox 210 1267 389 1357; x_wconf 82' lang='lat' dir='ltr'><strong>vulgatam</strong></span> <span class='ocrx_word' id='word_1_65' title='bbox 410 1267 608 1361; x_wconf 88' lang='lat' dir='ltr'><strong>opinionem</strong></span> <span class='ocrx_word' id='word_1_66' title='bbox 621 1267 658 1337; x_wconf 92' lang='lat' dir='ltr'><strong>in</strong></span> <span class='ocrx_word' id='word_1_67' title='bbox 675 1269 804 1341; x_wconf 85' lang='lat' dir='ltr'><strong>iudicio</strong></span> <span class='ocrx_word' id='word_1_68' title='bbox 820 1270 887 1343; x_wconf 88' lang='lat' dir='ltr'><strong>viri</strong></span> <span class='ocrx_word' id='word_1_69' title='bbox 905 1272 998 1344; x_wconf 93' lang='lat' dir='ltr'><strong>illius</strong></span> <span class='ocrx_word' id='word_1_70' title='bbox 1018 1276 1112 1369; x_wconf 92' lang='lat' dir='ltr'><strong>apud</strong></span> <span class='ocrx_word' id='word_1_71' title='bbox 1130 1286 1164 1347; x_wconf 90' lang='lat' dir='ltr'><strong>te</strong></span> <span class='ocrx_word' id='word_1_72' title='bbox 1181 1301 1293 1350; x_wconf 92' lang='lat' dir='ltr'><strong>uuum</strong></span> 
     </span>
     <span class='ocr_line' id='line_1_10' title="bbox 210 1389 1292 1492; baseline 0.014 -33"><span class='ocrx_word' id='word_1_73' title='bbox 210 1400 246 1459; x_wconf 89' lang='lat' dir='ltr'><strong>et</strong></span> <span class='ocrx_word' id='word_1_74' title='bbox 270 1411 333 1482; x_wconf 89' lang='lat' dir='ltr'><strong>per·</strong></span> <span class='ocrx_word' id='word_1_75' title='bbox 360 1400 392 1460; x_wconf 89' lang='lat' dir='ltr'><strong>te</strong></span> <span class='ocrx_word' id='word_1_76' title='bbox 419 1389 511 1483; x_wconf 87' lang='lat' dir='ltr'><strong>apud</strong></span> <span class='ocrx_word' id='word_1_77' title='bbox 533 1390 619 1461; x_wconf 90' lang='lat' dir='ltr'><strong>alios</strong></span> <span class='ocrx_word' id='word_1_78' title='bbox 641 1412 848 1482; x_wconf 76' lang='lat' dir='ltr'><strong>expurgem.</strong></span> <span class='ocrx_word' id='word_1_79' title='bbox 878 1392 1004 1467; x_wconf 83' lang='lat' dir='ltr'><strong>Dicunt</strong></span> <span class='ocrx_word' id='word_1_80' title='bbox 1028 1399 1121 1470; x_wconf 90' lang='lat' dir='ltr'><strong>enim</strong></span> <span class='ocrx_word' id='word_1_81' title='bbox 1148 1401 1209 1492; x_wconf 92' lang='lat' dir='ltr'><strong>qui</strong></span> <span class='ocrx_word' id='word_1_82' title='bbox 1234 1423 1292 1474; x_wconf 89' lang='lat' dir='ltr'><strong>me</strong></span> 
     </span>
     <span class='ocr_line' id='line_1_11' title="bbox 209 1509 1291 1604; baseline 0.014 -23"><span class='ocrx_word' id='word_1_83' title='bbox 209 1510 372 1593; x_wconf 86' lang='lat' dir='ltr'><strong>oderunt,</strong></span> <span class='ocrx_word' id='word_1_84' title='bbox 395 1531 451 1580; x_wconf 90' lang='lat' dir='ltr'><strong>me</strong></span> <span class='ocrx_word' id='word_1_85' title='bbox 471 1511 568 1581; x_wconf 89' lang='lat' dir='ltr'><strong>illum</strong></span> <span class='ocrx_word' id='word_1_86' title='bbox 589 1509 709 1582; x_wconf 88' lang='lat' dir='ltr'><strong>odisse</strong></span> <span class='ocrx_word' id='word_1_87' title='bbox 726 1520 833 1604; x_wconf 87' lang='lat' dir='ltr'><strong>atque</strong></span> <span class='ocrx_word' id='word_1_88' title='bbox 849 1524 1088 1603; x_wconf 85' lang='lat' dir='ltr'><strong>contemnere,</strong></span> <span class='ocrx_word' id='word_1_89' title='bbox 1109 1529 1148 1591; x_wconf 93' lang='lat' dir='ltr'><strong>ut</strong></span> <span class='ocrx_word' id='word_1_90' title='bbox 1164 1523 1221 1591; x_wconf 86' lang='lat' dir='ltr'><strong>val</strong></span> <span class='ocrx_word' id='word_1_91' title='bbox 1238 1525 1291 1597; x_wconf 87' lang='lat' dir='ltr'><strong>sic</strong></span> 
     </span>
     <span class='ocr_line' id='line_1_12' title="bbox 210 1631 1291 1733; baseline 0.014 -30"><span class='ocrx_word' id='word_1_92' title='bbox 210 1631 294 1703; x_wconf 92' lang='lat' dir='ltr'><strong>mihi</strong></span> <span class='ocrx_word' id='word_1_93' title='bbox 327 1632 408 1705; x_wconf 88' lang='lat' dir='ltr'><strong>odia</strong></span> <span class='ocrx_word' id='word_1_94' title='bbox 439 1632 637 1724; x_wconf 77' lang='lat' dir='ltr'><strong>vulgarium</strong></span> <span class='ocrx_word' id='word_1_95' title='bbox 669 1632 833 1718; x_wconf 85' lang='lat' dir='ltr'><strong>contient,</strong></span> <span class='ocrx_word' id='word_1_96' title='bbox 863 1636 993 1728; x_wconf 89' lang='lat' dir='ltr'><strong>quibus</strong></span> <span class='ocrx_word' id='word_1_97' title='bbox 1026 1641 1291 1733; x_wconf 86' lang='lat' dir='ltr'><strong>acceptissimus</strong></span> 
     </span>
     <span class='ocr_line' id='line_1_13' title="bbox 209 1755 1290 1849; baseline 0.008 -23"><span class='ocrx_word' id='word_1_98' title='bbox 209 1757 267 1830; x_wconf 89' lang='lat' dir='ltr'><strong>ille</strong></span> <span class='ocrx_word' id='word_1_99' title='bbox 285 1764 351 1829; x_wconf 88' lang='lat' dir='ltr'><strong>est.</strong></span> <span class='ocrx_word' id='word_1_100' title='bbox 373 1756 509 1828; x_wconf 90' lang='lat' dir='ltr'><strong>Novum</strong></span> <span class='ocrx_word' id='word_1_101' title='bbox 531 1755 697 1849; x_wconf 84' lang='lat' dir='ltr'><strong>nequitiae</strong></span> <span class='ocrx_word' id='word_1_102' title='bbox 717 1778 830 1848; x_wconf 81' lang='lat' dir='ltr'><strong>genus</strong></span> <span class='ocrx_word' id='word_1_103' title='bbox 847 1770 883 1831; x_wconf 88' lang='lat' dir='ltr'><strong>et</strong></span> <span class='ocrx_word' id='word_1_104' title='bbox 900 1761 1069 1835; x_wconf 90' lang='lat' dir='ltr'><strong>mirabilis</strong></span> <span class='ocrx_word' id='word_1_105' title='bbox 1086 1785 1143 1835; x_wconf 91' lang='lat' dir='ltr'><strong>ars</strong></span> <span class='ocrx_word' id='word_1_106' title='bbox 1161 1785 1290 1835; x_wconf 86' lang='lat' dir='ltr'><strong>noeen-</strong></span> 
     </span>
     <span class='ocr_line' id='line_1_14' title="bbox 208 1877 1288 1976; baseline 0 -24"><span class='ocrx_word' id='word_1_107' title='bbox 208 1880 254 1952; x_wconf 92' lang='lat' dir='ltr'><strong>di.</strong></span> <span class='ocrx_word' id='word_1_108' title='bbox 276 1881 337 1952; x_wconf 88' lang='lat' dir='ltr'><strong>His</strong></span> <span class='ocrx_word' id='word_1_109' title='bbox 358 1902 421 1974; x_wconf 93' lang='lat' dir='ltr'><strong>pro</strong></span> <span class='ocrx_word' id='word_1_110' title='bbox 442 1901 498 1952; x_wconf 87' lang='lat' dir='ltr'><strong>me</strong></span> <span class='ocrx_word' id='word_1_111' title='bbox 518 1879 649 1951; x_wconf 89' lang='lat' dir='ltr'><strong>veritas</strong></span> <span class='ocrx_word' id='word_1_112' title='bbox 670 1877 746 1971; x_wconf 91' lang='lat' dir='ltr'><strong>ipsa</strong></span> <span class='ocrx_word' id='word_1_113' title='bbox 763 1882 986 1973; x_wconf 88' lang='lat' dir='ltr'><strong>respondeat.</strong></span> <span class='ocrx_word' id='word_1_114' title='bbox 1007 1884 1045 1955; x_wconf 93' lang='lat' dir='ltr'><strong>lu</strong></span> <span class='ocrx_word' id='word_1_115' title='bbox 1066 1884 1187 1976; x_wconf 91' lang='lat' dir='ltr'><strong>primis</strong></span> <span class='ocrx_word' id='word_1_116' title='bbox 1207 1886 1288 1974; x_wconf 89' lang='lat' dir='ltr'><strong>qui-</strong></span> 
     </span>
     <span class='ocr_line' id='line_1_15' title="bbox 208 2002 1285 2096; baseline -0.002 -22"><span class='ocrx_word' id='word_1_117' title='bbox 208 2004 288 2075; x_wconf 88' lang='lat' dir='ltr'><strong>dem</strong></span> <span class='ocrx_word' id='word_1_118' title='bbox 308 2002 378 2074; x_wconf 92' lang='lat' dir='ltr'><strong>odii</strong></span> <span class='ocrx_word' id='word_1_119' title='bbox 398 2023 506 2075; x_wconf 88' lang='lat' dir='ltr'><strong>causa</strong></span> <span class='ocrx_word' id='word_1_120' title='bbox 525 2023 671 2094; x_wconf 89' lang='lat' dir='ltr'><strong>prorsus</strong></span> <span class='ocrx_word' id='word_1_121' title='bbox 692 2002 788 2072; x_wconf 91' lang='lat' dir='ltr'><strong>nulla</strong></span> <span class='ocrx_word' id='word_1_122' title='bbox 811 2012 868 2075; x_wconf 91' lang='lat' dir='ltr'><strong>est</strong></span> <span class='ocrx_word' id='word_1_123' title='bbox 893 2026 978 2096; x_wconf 82' lang='lat' dir='ltr'><strong>erga</strong></span> <span class='ocrx_word' id='word_1_124' title='bbox 999 2003 1173 2075; x_wconf 89' lang='lat' dir='ltr'><strong>hominem</strong></span> <span class='ocrx_word' id='word_1_125' title='bbox 1194 2024 1285 2073; x_wconf 93' lang='lat' dir='ltr'><strong>nun-</strong></span> 
     </span>
     <span class='ocr_line' id='line_1_16' title="bbox 162 2123 1286 2221; baseline 0.002 -25"><span class='ocrx_word' id='word_1_126' title='bbox 162 2130 163 2133; x_wconf 74' lang='grc'>’</span> <span class='ocrx_word' id='word_1_127' title='bbox 208 2147 313 2216; x_wconf 87' lang='lat' dir='ltr'><strong>quam</strong></span> <span class='ocrx_word' id='word_1_128' title='bbox 348 2124 431 2195; x_wconf 91' lang='lat' dir='ltr'><strong>mihi</strong></span> <span class='ocrx_word' id='word_1_129' title='bbox 464 2123 531 2194; x_wconf 92' lang='lat' dir='ltr'><strong>nisi</strong></span> <span class='ocrx_word' id='word_1_130' title='bbox 566 2125 688 2205; x_wconf 88' lang='lat' dir='ltr'><strong>semel,</strong></span> <span class='ocrx_word' id='word_1_131' title='bbox 723 2123 830 2219; x_wconf 89' lang='lat' dir='ltr'><strong>idque</strong></span> <span class='ocrx_word' id='word_1_132' title='bbox 862 2127 972 2221; x_wconf 87' lang='lat' dir='ltr'><strong>prima</strong></span> <span class='ocrx_word' id='word_1_133' title='bbox 1003 2123 1162 2217; x_wconf 83' lang='lat' dir='ltr'><strong>pueritiae</strong></span> <span class='ocrx_word' id='word_1_134' title='bbox 1195 2147 1286 2198; x_wconf 90' lang='lat' dir='ltr'><strong>meae</strong></span> 
     </span>
     <span class='ocr_line' id='line_1_17' title="bbox 207 2245 1287 2342; baseline 0.004 -26"><span class='ocrx_word' id='word_1_135' title='bbox 207 2253 305 2337; x_wconf 88' lang='lat' dir='ltr'><strong>parte</strong></span> <span class='ocrx_word' id='word_1_136' title='bbox 330 2252 573 2316; x_wconf 88' lang='lat' dir='ltr'><strong>monstratum.</strong></span> <span class='ocrx_word' id='word_1_137' title='bbox 601 2245 686 2316; x_wconf 89' lang='lat' dir='ltr'><strong>Cum</strong></span> <span class='ocrx_word' id='word_1_138' title='bbox 712 2268 780 2318; x_wconf 89' lang='lat' dir='ltr'><strong>avo</strong></span> <span class='ocrx_word' id='word_1_139' title='bbox 805 2258 972 2342; x_wconf 82' lang='lat' dir='ltr'><strong>patreque</strong></span> <span class='ocrx_word' id='word_1_140' title='bbox 996 2267 1075 2319; x_wconf 87' lang='lat' dir='ltr'><strong>meo</strong></span> <span class='ocrx_word' id='word_1_141' title='bbox 1099 2245 1191 2318; x_wconf 80' lang='lat' dir='ltr'><strong>vixit</strong></span> <span class='ocrx_word' id='word_1_142' title='bbox 1216 2268 1287 2320; x_wconf 91' lang='lat' dir='ltr'><strong>avo</strong></span> 
     </span>
     <span class='ocr_line' id='line_1_18' title="bbox 208 2365 1280 2466; baseline 0.002 -32"><span class='ocrx_word' id='word_1_143' title='bbox 208 2365 340 2450; x_wconf 90' lang='lat' dir='ltr'><strong>minor,</strong></span> <span class='ocrx_word' id='word_1_144' title='bbox 368 2375 467 2460; x_wconf 89' lang='lat' dir='ltr'><strong>patre</strong></span> <span class='ocrx_word' id='word_1_145' title='bbox 492 2379 608 2438; x_wconf 86' lang='lat' dir='ltr'><strong>autem</strong></span> <span class='ocrx_word' id='word_1_146' title='bbox 634 2378 718 2440; x_wconf 90' lang='lat' dir='ltr'><strong>natu</strong></span> <span class='ocrx_word' id='word_1_147' title='bbox 751 2372 877 2458; x_wconf 90' lang='lat' dir='ltr'><strong>maior,</strong></span> <span class='ocrx_word' id='word_1_148' title='bbox 898 2393 978 2447; x_wconf 83' lang='lat' dir='ltr'><strong>eum</strong></span> <span class='ocrx_word' id='word_1_149' title='bbox 998 2391 1070 2466; x_wconf 82' lang='lat' dir='ltr'><strong>quo</strong></span> <span class='ocrx_word' id='word_1_150' title='bbox 1091 2368 1193 2441; x_wconf 89' lang='lat' dir='ltr'><strong>simul</strong></span> <span class='ocrx_word' id='word_1_151' title='bbox 1214 2387 1280 2438; x_wconf 90' lang='lat' dir='ltr'><strong>una</strong></span> 
     </span>
     <span class='ocr_line' id='line_1_19' title="bbox 206 2486 1280 2588; baseline -0.001 -30"><span class='ocrx_word' id='word_1_152' title='bbox 206 2486 262 2560; x_wconf 92' lang='lat' dir='ltr'><strong>die</strong></span> <span class='ocrx_word' id='word_1_153' title='bbox 282 2500 387 2584; x_wconf 87' lang='lat' dir='ltr'><strong>atqua</strong></span> <span class='ocrx_word' id='word_1_154' title='bbox 410 2510 478 2564; x_wconf 91' lang='lat' dir='ltr'><strong>uno</strong></span> <span class='ocrx_word' id='word_1_155' title='bbox 497 2488 590 2563; x_wconf 86' lang='lat' dir='ltr'><strong>civili</strong></span> <span class='ocrx_word' id='word_1_156' title='bbox 613 2491 751 2576; x_wconf 87' lang='lat' dir='ltr'><strong>turbiue</strong></span> <span class='ocrx_word' id='word_1_157' title='bbox 767 2494 889 2586; x_wconf 91' lang='lat' dir='ltr'><strong>patriis</strong></span> <span class='ocrx_word' id='word_1_158' title='bbox 910 2493 1039 2568; x_wconf 85' lang='lat' dir='ltr'><strong>finibus</strong></span> <span class='ocrx_word' id='word_1_159' title='bbox 1059 2495 1181 2588; x_wconf 89' lang='lat' dir='ltr'><strong>pulsus</strong></span> <span class='ocrx_word' id='word_1_160' title='bbox 1199 2486 1280 2571; x_wconf 86' lang='lat' dir='ltr'><strong>luit,</strong></span> 
     </span>
     <span class='ocr_line' id='line_1_20' title="bbox 205 2595 1309 2711; baseline -0.003 -25"><span class='ocrx_word' id='word_1_161' title='bbox 205 2634 276 2707; x_wconf 90' lang='lat' dir='ltr'><strong>quo</strong></span> <span class='ocrx_word' id='word_1_162' title='bbox 294 2621 448 2710; x_wconf 82' lang='lat' dir='ltr'><strong>tempora</strong></span> <span class='ocrx_word' id='word_1_163' title='bbox 466 2612 555 2689; x_wconf 88' lang='lat' dir='ltr'><strong>inter</strong></span> <span class='ocrx_word' id='word_1_164' title='bbox 574 2615 761 2711; x_wconf 86' lang='lat' dir='ltr'><strong>participes</strong></span> <span class='ocrx_word' id='word_1_165' title='bbox 779 2636 1018 2689; x_wconf 85' lang='lat' dir='ltr'><strong>aerumnarum</strong></span> <span class='ocrx_word' id='word_1_166' title='bbox 1036 2635 1175 2705; x_wconf 81' lang='lat' dir='ltr'><strong>magnae</strong></span> <span class='ocrx_word' id='word_1_167' title='bbox 1191 2627 1287 2702; x_wconf 76' lang='lat' dir='ltr'><strong>sepe</strong></span> <span class='ocrx_word' id='word_1_168' title='bbox 1303 2595 1309 2612; x_wconf 49' lang='lat'>³</span> 
     </span>
     <span class='ocr_line' id='line_1_21' title="bbox 205 2730 1286 2828; baseline -0.002 -23"><span class='ocrx_word' id='word_1_169' title='bbox 205 2734 459 2810; x_wconf 85' lang='lat' dir='ltr'><strong>contrahuntur</strong></span> <span class='ocrx_word' id='word_1_170' title='bbox 490 2738 668 2818; x_wconf 85' lang='lat' dir='ltr'><strong>amicitiae;</strong></span> <span class='ocrx_word' id='word_1_171' title='bbox 698 2736 804 2828; x_wconf 90' lang='lat' dir='ltr'><strong>idque</strong></span> <span class='ocrx_word' id='word_1_172' title='bbox 831 2736 889 2804; x_wconf 86' lang='lat' dir='ltr'><strong>vel</strong></span> <span class='ocrx_word' id='word_1_173' title='bbox 923 2735 1077 2805; x_wconf 80' lang='lat' dir='ltr'><strong>maxime</strong></span> <span class='ocrx_word' id='word_1_174' title='bbox 1097 2733 1187 2796; x_wconf 89' lang='lat' dir='ltr'><strong>inter</strong></span> <span class='ocrx_word' id='word_1_175' title='bbox 1207 2730 1286 2802; x_wconf 86' lang='lat' dir='ltr'><strong>illes</strong></span> 
     </span>
     <span class='ocr_line' id='line_1_22' title="bbox 205 2850 1286 2948; baseline 0.004 -29"><span class='ocrx_word' id='word_1_176' title='bbox 205 2851 343 2936; x_wconf 83' lang='lat' dir='ltr'><strong>accidit,</strong></span> <span class='ocrx_word' id='word_1_177' title='bbox 367 2865 404 2926; x_wconf 91' lang='lat' dir='ltr'><strong>ut</strong></span> <span class='ocrx_word' id='word_1_178' title='bbox 424 2855 553 2948; x_wconf 91' lang='lat' dir='ltr'><strong>quibus</strong></span> <span class='ocrx_word' id='word_1_179' title='bbox 572 2867 667 2929; x_wconf 86' lang='lat' dir='ltr'><strong>esset</strong></span> <span class='ocrx_word' id='word_1_180' title='bbox 687 2862 816 2948; x_wconf 85' lang='lat' dir='ltr'><strong>praeter</strong></span> <span class='ocrx_word' id='word_1_181' title='bbox 832 2851 981 2921; x_wconf 88' lang='lat' dir='ltr'><strong>similem</strong></span> <span class='ocrx_word' id='word_1_182' title='bbox 1001 2850 1189 2931; x_wconf 84' lang='lat' dir='ltr'><strong>fortunam,</strong></span> <span class='ocrx_word' id='word_1_183' title='bbox 1210 2861 1286 2922; x_wconf 90' lang='lat' dir='ltr'><strong>stu·</strong></span> 
     </span>
     <span class='ocr_line' id='line_1_23' title="bbox 206 2963 1285 3061; baseline 0.003 -22"><span class='ocrx_word' id='word_1_184' title='bbox 206 2966 343 3039; x_wconf 90' lang='lat' dir='ltr'><strong>diorum</strong></span> <span class='ocrx_word' id='word_1_185' title='bbox 376 2982 412 3041; x_wconf 90' lang='lat' dir='ltr'><strong>et</strong></span> <span class='ocrx_word' id='word_1_186' title='bbox 443 2974 572 3061; x_wconf 81' lang='lat' dir='ltr'><strong>ingenii</strong></span> <span class='ocrx_word' id='word_1_187' title='bbox 605 2976 713 3047; x_wconf 84' lang='lat' dir='ltr'><strong>multa</strong></span> <span class='ocrx_word' id='word_1_188' title='bbox 746 2967 953 3048; x_wconf 88' lang='lat' dir='ltr'><strong>similitud0;</strong></span> <span class='ocrx_word' id='word_1_189' title='bbox 975 2963 1043 3035; x_wconf 91' lang='lat' dir='ltr'><strong>nisi</strong></span> <span class='ocrx_word' id='word_1_190' title='bbox 1063 2966 1157 3056; x_wconf 90' lang='lat' dir='ltr'><strong>quod</strong></span> <span class='ocrx_word' id='word_1_191' title='bbox 1176 2971 1285 3042; x_wconf 84' lang='lat' dir='ltr'><strong>exilio</strong></span> 
     </span>
     <span class='ocr_line' id='line_1_24' title="bbox 205 3084 1284 3182; baseline 0.001 -21"><span class='ocrx_word' id='word_1_192' title='bbox 205 3091 262 3162; x_wconf 88' lang='lat' dir='ltr'><strong>cui</strong></span> <span class='ocrx_word' id='word_1_193' title='bbox 296 3098 394 3182; x_wconf 85' lang='lat' dir='ltr'><strong>pater</strong></span> <span class='ocrx_word' id='word_1_194' title='bbox 425 3088 459 3159; x_wconf 92' lang='lat' dir='ltr'><strong>in</strong></span> <span class='ocrx_word' id='word_1_195' title='bbox 493 3091 580 3162; x_wconf 88' lang='lat' dir='ltr'><strong>alias</strong></span> <span class='ocrx_word' id='word_1_196' title='bbox 611 3113 716 3164; x_wconf 84' lang='lat' dir='ltr'><strong>ouras</strong></span> <span class='ocrx_word' id='word_1_197' title='bbox 748 3106 877 3162; x_wconf 88' lang='lat' dir='ltr'><strong>versas</strong></span> <span class='ocrx_word' id='word_1_198' title='bbox 897 3094 933 3156; x_wconf 89' lang='lat' dir='ltr'><strong>et</strong></span> <span class='ocrx_word' id='word_1_199' title='bbox 963 3084 1103 3156; x_wconf 79' lang='lat' dir='ltr'><strong>familiae</strong></span> <span class='ocrx_word' id='word_1_200' title='bbox 1129 3088 1284 3162; x_wconf 87' lang='lat' dir='ltr'><strong>solicitus</strong></span> 
     </span>
     <span class='ocr_line' id='line_1_25' title="bbox 204 3208 1282 3304; baseline -0.003 -17"><span class='ocrx_word' id='word_1_201' title='bbox 204 3213 328 3297; x_wconf 82' lang='lat' dir='ltr'><strong>cessit,</strong></span> <span class='ocrx_word' id='word_1_202' title='bbox 348 3211 405 3284; x_wconf 90' lang='lat' dir='ltr'><strong>ille</strong></span> <span class='ocrx_word' id='word_1_203' title='bbox 423 3209 569 3296; x_wconf 89' lang='lat' dir='ltr'><strong>obstitit,</strong></span> <span class='ocrx_word' id='word_1_204' title='bbox 585 3221 621 3283; x_wconf 88' lang='lat' dir='ltr'><strong>et</strong></span> <span class='ocrx_word' id='word_1_205' title='bbox 641 3224 713 3284; x_wconf 89' lang='lat' dir='ltr'><strong>tum</strong></span> <span class='ocrx_word' id='word_1_206' title='bbox 728 3208 969 3284; x_wconf 88' lang='lat' dir='ltr'><strong>vehementius</strong></span> <span class='ocrx_word' id='word_1_207' title='bbox 986 3219 1097 3304; x_wconf 85' lang='lat' dir='ltr'><strong>eoepto</strong></span> <span class='ocrx_word' id='word_1_208' title='bbox 1114 3210 1282 3296; x_wconf 82' lang='lat' dir='ltr'><strong>incubuit,</strong></span> 
     </span>
     <span class='ocr_line' id='line_1_26' title="bbox 206 3332 1286 3428; baseline -0.006 -20"><span class='ocrx_word' id='word_1_209' title='bbox 206 3336 361 3408; x_wconf 90' lang='lat' dir='ltr'><strong>omnium</strong></span> <span class='ocrx_word' id='word_1_210' title='bbox 383 3332 568 3427; x_wconf 79' lang='lat' dir='ltr'><strong>negligens</strong></span> <span class='ocrx_word' id='word_1_211' title='bbox 590 3335 768 3428; x_wconf 82' lang='lat' dir='ltr'><strong>soliusque</strong></span> <span class='ocrx_word' id='word_1_212' title='bbox 785 3335 888 3404; x_wconf 82' lang='lat' dir='ltr'><strong>famae</strong></span> <span class='ocrx_word' id='word_1_213' title='bbox 909 3332 1065 3427; x_wconf 88' lang='lat' dir='ltr'><strong>cupidus.</strong></span> <span class='ocrx_word' id='word_1_214' title='bbox 1089 3334 1127 3403; x_wconf 93' lang='lat' dir='ltr'><strong>ln</strong></span> <span class='ocrx_word' id='word_1_215' title='bbox 1149 3352 1219 3425; x_wconf 88' lang='lat' dir='ltr'><strong>quo</strong></span> <span class='ocrx_word' id='word_1_216' title='bbox 1243 3333 1286 3402; x_wconf 93' lang='lat' dir='ltr'><strong>il-</strong></span> 
     </span>
     <span class='ocr_line' id='line_1_27' title="bbox 206 3455 1285 3550; baseline -0.006 -21"><span class='ocrx_word' id='word_1_217' title='bbox 206 3462 275 3531; x_wconf 93' lang='lat' dir='ltr'><strong>lum</strong></span> <span class='ocrx_word' id='word_1_218' title='bbox 298 3460 383 3531; x_wconf 89' lang='lat' dir='ltr'><strong>satis</strong></span> <span class='ocrx_word' id='word_1_219' title='bbox 404 3458 522 3529; x_wconf 91' lang='lat' dir='ltr'><strong>mirari</strong></span> <span class='ocrx_word' id='word_1_220' title='bbox 539 3468 574 3529; x_wconf 91' lang='lat' dir='ltr'><strong>et</strong></span> <span class='ocrx_word' id='word_1_221' title='bbox 595 3457 740 3532; x_wconf 88' lang='lat' dir='ltr'><strong>laudare</strong></span> <span class='ocrx_word' id='word_1_222' title='bbox 762 3456 823 3528; x_wconf 84' lang='lat' dir='ltr'><strong>vix</strong></span> <span class='ocrx_word' id='word_1_223' title='bbox 845 3459 992 3543; x_wconf 90' lang='lat' dir='ltr'><strong>valeam,</strong></span> <span class='ocrx_word' id='word_1_224' title='bbox 1014 3478 1120 3550; x_wconf 90' lang='lat' dir='ltr'><strong>quem</strong></span> <span class='ocrx_word' id='word_1_225' title='bbox 1146 3475 1214 3525; x_wconf 90' lang='lat' dir='ltr'><strong>nou</strong></span> <span class='ocrx_word' id='word_1_226' title='bbox 1236 3455 1285 3524; x_wconf 87' lang='lat' dir='ltr'><strong>ci-</strong></span> 
     </span>
     <span class='ocr_line' id='line_1_28' title="bbox 204 3578 1285 3675; baseline -0.006 -24"><span class='ocrx_word' id='word_1_227' title='bbox 204 3584 301 3652; x_wconf 86' lang='lat' dir='ltr'><strong>vium</strong></span> <span class='ocrx_word' id='word_1_228' title='bbox 323 3581 461 3664; x_wconf 90' lang='lat' dir='ltr'><strong>iniuria,</strong></span> <span class='ocrx_word' id='word_1_229' title='bbox 485 3602 553 3652; x_wconf 89' lang='lat' dir='ltr'><strong>non</strong></span> <span class='ocrx_word' id='word_1_230' title='bbox 575 3581 734 3663; x_wconf 85' lang='lat' dir='ltr'><strong>exilium,</strong></span> <span class='ocrx_word' id='word_1_231' title='bbox 758 3603 827 3653; x_wconf 92' lang='lat' dir='ltr'><strong>non</strong></span> <span class='ocrx_word' id='word_1_232' title='bbox 847 3590 1050 3675; x_wconf 84' lang='lat' dir='ltr'><strong>paupertas,</strong></span> <span class='ocrx_word' id='word_1_233' title='bbox 1073 3597 1142 3646; x_wconf 90' lang='lat' dir='ltr'><strong>non</strong></span> <span class='ocrx_word' id='word_1_234' title='bbox 1164 3578 1285 3646; x_wconf 86' lang='lat' dir='ltr'><strong>simul-</strong></span> 
     </span>
     <span class='ocr_line' id='line_1_29' title="bbox 208 3699 1287 3796; baseline -0.002 -25"><span class='ocrx_word' id='word_1_235' title='bbox 208 3714 316 3774; x_wconf 88' lang='lat' dir='ltr'><strong>tatum</strong></span> <span class='ocrx_word' id='word_1_236' title='bbox 335 3707 461 3791; x_wconf 86' lang='lat' dir='ltr'><strong>aculei,</strong></span> <span class='ocrx_word' id='word_1_237' title='bbox 476 3727 545 3776; x_wconf 92' lang='lat' dir='ltr'><strong>non</strong></span> <span class='ocrx_word' id='word_1_238' title='bbox 560 3726 659 3776; x_wconf 89' lang='lat' dir='ltr'><strong>amor</strong></span> <span class='ocrx_word' id='word_1_239' title='bbox 671 3703 846 3796; x_wconf 78' lang='lat' dir='ltr'><strong>coniugis,</strong></span> <span class='ocrx_word' id='word_1_240' title='bbox 861 3726 931 3775; x_wconf 90' lang='lat' dir='ltr'><strong>non</strong></span> <span class='ocrx_word' id='word_1_241' title='bbox 945 3712 1105 3773; x_wconf 88' lang='lat' dir='ltr'><strong>natorum</strong></span> <span class='ocrx_word' id='word_1_242' title='bbox 1116 3699 1227 3788; x_wconf 87' lang='lat' dir='ltr'><strong>pietas</strong></span> <span class='ocrx_word' id='word_1_243' title='bbox 1239 3699 1287 3770; x_wconf 92' lang='lat' dir='ltr'><strong>ah</strong></span> 
     </span>
     <span class='ocr_line' id='line_1_30' title="bbox 206 3821 1286 3918; baseline -0.002 -25"><span class='ocrx_word' id='word_1_244' title='bbox 206 3840 346 3918; x_wconf 88' lang='lat' dir='ltr'><strong>arrepto</strong></span> <span class='ocrx_word' id='word_1_245' title='bbox 368 3828 475 3898; x_wconf 90' lang='lat' dir='ltr'><strong>semel</strong></span> <span class='ocrx_word' id='word_1_246' title='bbox 497 3829 585 3899; x_wconf 88' lang='lat' dir='ltr'><strong>ealle</strong></span> <span class='ocrx_word' id='word_1_247' title='bbox 605 3826 827 3910; x_wconf 81' lang='lat' dir='ltr'><strong>distraxerit,</strong></span> <span class='ocrx_word' id='word_1_248' title='bbox 848 3848 927 3897; x_wconf 87' lang='lat' dir='ltr'><strong>eum</strong></span> <span class='ocrx_word' id='word_1_249' title='bbox 955 3821 1055 3893; x_wconf 92' lang='lat' dir='ltr'><strong>multi</strong></span> <span class='ocrx_word' id='word_1_250' title='bbox 1079 3840 1184 3911; x_wconf 88' lang='lat' dir='ltr'><strong>quam</strong></span> <span class='ocrx_word' id='word_1_251' title='bbox 1211 3842 1286 3891; x_wconf 91' lang='lat' dir='ltr'><strong>ma-</strong></span> 
     </span>
     <span class='ocr_line' id='line_1_31' title="bbox 205 3942 1285 4041; baseline 0.001 -28"><span class='ocrx_word' id='word_1_252' title='bbox 205 3946 264 4034; x_wconf 77' lang='lat' dir='ltr'><strong>gni</strong></span> <span class='ocrx_word' id='word_1_253' title='bbox 288 3956 356 4016; x_wconf 87' lang='lat' dir='ltr'><strong>tam</strong></span> <span class='ocrx_word' id='word_1_254' title='bbox 377 3948 514 4019; x_wconf 85' lang='lat' dir='ltr'><strong>delicati</strong></span> <span class='ocrx_word' id='word_1_255' title='bbox 541 3949 672 4041; x_wconf 81' lang='lat' dir='ltr'><strong>ingenii</strong></span> <span class='ocrx_word' id='word_1_256' title='bbox 699 3948 785 4033; x_wconf 89' lang='lat' dir='ltr'><strong>sint,</strong></span> <span class='ocrx_word' id='word_1_257' title='bbox 821 3959 858 4020; x_wconf 89' lang='grc' dir='ltr'><strong>ιιι</strong></span> <span class='ocrx_word' id='word_1_258' title='bbox 892 3944 937 4016; x_wconf 92' lang='lat' dir='ltr'><strong>ab</strong></span> <span class='ocrx_word' id='word_1_259' title='bbox 970 3942 1158 4014; x_wconf 87' lang='lat' dir='ltr'><strong>intentione</strong></span> <span class='ocrx_word' id='word_1_260' title='bbox 1179 3942 1285 4014; x_wconf 89' lang='lat' dir='ltr'><strong>animi</strong></span> 
     </span>
     <span class='ocr_line' id='line_1_32' title="bbox 205 4063 1283 4162; baseline 0 -28"><span class='ocrx_word' id='word_1_261' title='bbox 205 4067 282 4138; x_wconf 85' lang='lat' dir='ltr'><strong>lere</strong></span> <span class='ocrx_word' id='word_1_262' title='bbox 307 4068 385 4142; x_wconf 88' lang='lat' dir='ltr'><strong>illos</strong></span> <span class='ocrx_word' id='word_1_263' title='bbox 404 4092 563 4141; x_wconf 90' lang='lat' dir='ltr'><strong>murmur</strong></span> <span class='ocrx_word' id='word_1_264' title='bbox 580 4079 730 4145; x_wconf 87' lang='lat' dir='ltr'><strong>avertat:</strong></span> <span class='ocrx_word' id='word_1_265' title='bbox 747 4069 845 4162; x_wconf 89' lang='lat' dir='ltr'><strong>quod</strong></span> <span class='ocrx_word' id='word_1_266' title='bbox 863 4068 917 4140; x_wconf 89' lang='lat' dir='ltr'><strong>his</strong></span> <span class='ocrx_word' id='word_1_267' title='bbox 935 4063 1137 4137; x_wconf 83' lang='lat' dir='ltr'><strong>familiarius</strong></span> <span class='ocrx_word' id='word_1_268' title='bbox 1152 4065 1283 4149; x_wconf 89' lang='lat' dir='ltr'><strong>evenit,</strong></span> 
     </span>
    </p>
   </div>
   <div class='ocr_carea' id='block_1_3' title="bbox 0 0 1340 4688">
    <p class='ocr_par' dir='ltr' id='par_1_3' title="bbox 0 0 1340 4688">
     <span class='ocr_line' id='line_1_33' title="bbox 0 0 1340 4688; baseline 0 2"><span class='ocrx_word' id='word_1_269' title='bbox 0 0 1340 4688; x_wconf 95' lang='lat' dir='ltr'><strong> </strong></span> 
     </span>
    </p>
   </div>
  </div>
 </body>
</html>
