2834 5086
172 660 230 721 382
627 674 785 724 innuatur

172 828 284 887 ratum
309 828 414 907 atque
442 829 613 887 armatum
639 818 791 887 animum
819 813 996 886 haberem.
1016 814 1135 885 Telum
1155 812 1237 897 boc,

170 938 251 1031 quia
272 960 448 1031 nunquam
470 942 537 1011 lale
557 940 688 1031 aliquid
706 940 876 1021 videram,
895 938 941 1009 nil
962 937 1074 1009 similo
1093 956 1238 1031 prorsus

171 1060 364 1145 audieram,
382 1073 442 1134 aut
463 1064 629 1153 legeram,
647 1062 800 1153 cogitare
819 1074 854 1133 et
875 1060 1069 1156 praevidere
1088 1082 1154 1133 uon
1174 1080 1236 1154 po·

171 1183 236 1254 tui:
265 1197 300 1255 et
325 1185 404 1257 ideo
425 1188 590 1257 inermem
610 1185 912 1278 improvidumque
938 1182 1125 1255 transfixit.
1150 1182 1232 1253 llei!

172 1305 252 1375 mibi
269 1308 351 1399 quid
370 1312 524 1400 querar?
540 1308 632 1379 uude
649 1309 788 1381 ordiar?
803 1306 892 1393 Quid
909 1308 1047 1380 dicam?
1058 1304 1238 1379 Aecusabo

170 1428 380 1501 Fortunam?
404 1430 515 1503 Surda
539 1445 604 1503 cst.
631 1431 814 1503 Aecusabo
839 1432 1015 1503 mollitiem
1035 1429 1149 1511 amici,
1177 1428 1238 1521 qui

170 1552 236 1623 sibi
263 1565 430 1635 mortem,
457 1554 543 1624 mihi
569 1554 782 1625 mortiferum
809 1551 962 1625 dolorem
988 1553 1129 1624 attulit?
1153 1550 1241 1623 Sera

170 1686 224 1747 est
244 1677 418 1747 accusatio
444 1679 586 1760 erroris,
613 1676 841 1747 irrevocabile
867 1675 1031 1747 damnum
1056 1685 1123 1756 est,
1144 1672 1241 1765 quod

169 1810 324 1871 aucturae
342 1802 456 1894 potius
476 1798 614 1871 inutiles
628 1801 695 1871 sinl
710 1801 874 1892 querelae.
894 1799 937 1869 Et
954 1808 1087 1868 tamen:
1102 1794 1147 1868 oh
1160 1794 1243 1867 dul-

170 1924 256 1994 cedo
275 1922 398 1993 effera!
423 1924 518 1994 iurat
537 1923 710 2005 insistere,
731 1935 767 1993 et
787 1920 889 1993 lando
909 1922 1069 1993 alimenta
1090 1915 1243 1989 miseriae

170 2056 349 2139 praestare.
367 2044 458 2131 Quid
474 2046 566 2116 enirn
584 2046 699 2140 aplius
717 2047 825 2138 possit
842 2045 979 2115 animus
998 2042 1119 2121 tristis,
1133 2062 1241 2133 quam

170 2166 204 2236 in
226 2167 315 2237 tristi
336 2170 479 2239 materia
500 2170 658 2240 versari?
678 2166 789 2239 Habet
813 2179 849 2238 et
874 2188 1003 2238 moeror
1026 2167 1241 2260 voluptatem

169 2311 282 2373 suam,
304 2290 426 2362 duram
447 2290 598 2383 quidem,
622 2288 684 2361 sed
705 2290 772 2361 sibi
792 2289 1063 2362 accomodatam.
1091 2290 1129 2359 ln
1154 2288 1242 2359 Arte

170 2416 302 2506 poetica
323 2416 489 2508 scriplum
511 2426 584 2485 est:

727 2533 836 2596 Tristia
852 2542 999 2597 mestum

366 2630 492 2692 l'ultum
507 2632 601 2694 verba
617 2631 732 2695 decent.

169 2784 252 2855 Utar
276 2782 419 2853 consilio
444 2782 540 2874 quod
563 2806 619 2854 me
645 2784 755 2856 decet.
782 2785 851 2857 Sed
875 2807 945 2879 quo
972 2789 1103 2879 pergo?
1126 2796 1165 2856 ut
1189 2786 1240 2857 illi

168 2906 251 2978 nibil
278 2906 422 3000 prosim,
450 2904 532 2976 mihi
558 2928 718 2992 noceam,
747 2911 833 2980 forte
860 2929 964 2980 aures
990 2920 1093 3001 atque
1116 2907 1241 2980 oculos

169 3044 246 3103 tuos
264 3030 413 3102 laedam?
440 3030 492 3100 Oh
510 3052 606 3103 coeca
637 3054 733 3104 meus
762 3032 941 3102 homiuum
970 3044 1005 3103 et
1034 3054 1101 3104 nou
1130 3032 1238 3103 futuri

167 3153 282 3235 modo,
305 3152 366 3223 sed
394 3174 488 3246 saepo
506 3156 689 3245 praesentis
716 3154 820 3225 etiam
839 3154 898 3225 lali
929 3155 983 3226 sui
1013 3156 1151 3226 nescia!
1180 3152 1234 3225 Ad

166 3278 307 3348 Paulum
327 3274 616 3347 llannibalensem
638 3298 743 3347 unum
761 3298 808 3346 ex
825 3277 990 3348 Romanis
1006 3276 1230 3371 principibus,

165 3401 220 3470 cui
241 3421 296 3469 mc
318 3398 623 3469 familiarissimum
649 3399 762 3470 virtus
786 3409 822 3469 et
847 3400 1044 3471 humanitas
1068 3401 1233 3483 fecerant,

165 3522 293 3616 quibus
311 3521 405 3592 illum
426 3520 625 3592 mirabiliter
642 3532 764 3593 natura
781 3523 977 3609 dotaverat,
995 3523 1157 3595 mandata
1173 3522 1237 3595 de-

165 3644 284 3716 deram
311 3642 388 3726 libi,
416 3645 561 3735 ignarus
586 3645 681 3715 illum
708 3646 775 3716 iam
802 3646 907 3717 rebus
928 3647 1088 3718 humanis
1112 3666 1237 3717 exem-

165 3778 272 3861 ptum,
296 3767 410 3838 taliter
430 3768 571 3859 quidem
593 3780 630 3839 ut
649 3790 717 3840 uon
734 3779 893 3855 mortem,
912 3791 992 3864 quae
1012 3770 1102 3839 natis
1123 3768 1236 3840 omui-
1346 3758 1349 3763 ’

166 3889 232 3960 bus
245 3911 346 3982 aequa
359 3902 425 3971 cst,
443 3892 505 3963 sed
519 3914 631 3983 genus
650 3893 770 3964 mortis
784 3894 896 3965 unicae
909 3892 1074 3964 miserum
1089 3912 1236 3983 cogerer

167 4036 278 4106 usquo
289 4014 333 4085 ad
344 4036 455 4085 meam
471 4015 545 4107 ipse
558 4027 702 4087 mortem
718 4017 908 4087 lamentari.
916 4017 968 4087 Oh
982 4018 989 4085 l
1004 4014 1233 4107 cogitationes

167 4137 471 4221 hominumvanas,
482 4140 545 4210 oh!
562 4139 697 4210 inanem
713 4161 819 4233 spem,
828 4140 891 4211 oh!
908 4140 1078 4211 lubricum
1090 4150 1229 4219 statum,

165 4260 208 4331 oh
219 4263 225 4329 ἔ
237 4262 430 4333 instabilem
442 4264 621 4345 fortunam,
631 4262 869 4359 ob!ancipilos
878 4264 960 4335 vilae
969 4264 1056 4348 rias,
1064 4262 1125 4332 ob!
1143 4282 1233 4355 prae·

166 4383 287 4479 cipitcs
304 4386 433 4469 exitus
448 4387 512 4458 oh!
528 4387 777 4481 prosperitates
796 4387 987 4479 ambiguas
1006 4386 1068 4459 obl
1087 4383 1235 4456 inevita-

165 4510 252 4581 biles
265 4509 583 4581 aerumnasllmisil
595 4509 701 4582 filiuni
716 4513 856 4584 l‘arrlus:
873 4511 989 4583 tritum
1004 4522 1036 4582 el
1051 4506 1232 4582 tolerabile
