2670 4688
121 256 181 318 298
465 268 506 315 un
527 267 633 314 nauus
649 264 871 313 rsutttrnruus

122 414 337 510 optimedux
350 425 478 496 noster,
500 433 682 485 excusem.
706 414 861 484 Profecto
876 412 1046 504 equidem
1068 419 1220 508 quaeda

124 537 215 607 illius
235 535 425 607 imitatione
444 536 582 620 dixisti,
599 557 668 606 non
682 557 766 606 vera
782 532 886 607 modo
903 532 967 605 sed
981 538 1100 629 vulgo
1111 540 1218 611 etiarn

124 667 204 730 nota
224 671 319 742 sunt,
337 668 374 728 et
391 660 498 728 multa
518 658 585 728 alia
605 677 698 749 quae,
714 656 928 728 verecundia
944 656 1066 729 dicam
1079 681 1130 731 an
1145 683 1218 732 mo·

123 780 249 861 destin,
272 777 415 863 siluisti,
436 799 517 870 quae
535 788 651 850 tamen
671 799 719 850 ex
739 779 862 850 ordine
883 778 970 871 ipsis
991 779 1029 850 in
1043 781 1216 854 Saturna·

124 901 214 975 libus
236 903 362 994 scripta
386 910 479 983 sunt,
501 900 665 993 quamvis
693 901 759 972 hoc
792 902 867 971 loco
901 901 958 972 ille
993 922 1090 973 suus
1116 903 1215 976 iocus

123 1023 323 1107 innotuerit,
344 1025 400 1095 cni
421 1045 500 1094 curn
523 1022 732 1094 obiiceretur
752 1021 797 1093 ab
812 1024 952 1093 aemntts
965 1025 1066 1116 quod
1085 1046 1215 1098 versus

125 1145 185 1218 tibi
218 1157 297 1217 tuos
325 1145 490 1239 eriperet,
526 1164 733 1234 magnarum
769 1143 896 1214 virium
921 1164 1003 1215 esse
1029 1148 1215 1240 respondit

124 1269 262 1339 auferre
281 1268 418 1338 clavam
439 1264 597 1334 Herculi:
621 1286 684 1335 nec
702 1265 769 1334 sim
788 1263 919 1335 dubius
938 1265 1024 1356 quin
1045 1268 1213 1340 latentem

125 1390 233 1460 salem
255 1385 319 1457 ioci
342 1385 445 1456 huius
467 1384 651 1474 intelligas.
666 1384 717 1455 Ne
733 1405 827 1467 vero,
840 1384 936 1476 qnod
955 1384 1056 1455 molti
1072 1387 1211 1469 iaciunt

124 1532 227 1602 quem
249 1516 499 1578 excusaturum
522 1528 579 1578 me
599 1503 765 1599 profiteor
783 1526 960 1587 accusem,
974 1507 1090 1579 fatcor
1110 1510 1215 1602 plane

124 1648 205 1722 quae
219 1628 307 1699 dicis
328 1627 461 1712 omnin,
482 1649 597 1719 neque
618 1627 697 1698 ideo
718 1629 895 1719 querelam
918 1637 1011 1699 tuam
1039 1630 1125 1701 totis
1152 1653 1215 1703 nu·

125 1749 221 1822 ribus
240 1749 394 1843 accipio:
421 1749 515 1843 quod
533 1747 666 1820 scilicet
685 1750 779 1819 nulla
805 1768 954 1841 usquam
982 1749 1031 1821 tui
1059 1754 1214 1825 nominis

126 1872 254 1945 mentio
272 1873 366 1965 apud
388 1872 484 1945 illum
506 1871 552 1943 sit
567 1871 709 1944 exuviis
722 1883 888 1944 onustum
902 1881 940 1941 et
951 1882 1117 1945 ornatum
1132 1879 1212 1959 tuis

124 2017 204 2066 cum
220 1996 400 2080 Lucanus,
423 2004 461 2065 ut
483 2016 567 2064 vere
588 2015 780 2074 memoras,
800 1993 972 2087 Smyrnaei
992 1995 1088 2065 vatis
1104 1996 1215 2069 hono-

124 2117 175 2194 ris
202 2127 303 2207 grata
318 2118 517 2187 narratione
533 2116 739 2188 meminerit.
754 2113 935 2187 Adiuvare
958 2116 1213 2207 querimoniam

124 2249 218 2308 tuam
235 2236 346 2307 libet:
373 2247 410 2307 et
427 2238 571 2307 Flaccus
599 2256 696 2329 saepe
729 2238 780 2308 tui
812 2237 969 2308 meminit
1000 2259 1213 2335 semperque

124 2353 332 2447 magnifice;
357 2379 439 2429 nam
467 2368 503 2428 et
531 2359 683 2450 quodam
709 2361 786 2430 loco
817 2370 852 2431 te
878 2359 1095 2453 philosophis
1125 2362 1213 2455 ipsis

100 2498 105 2506 ·
124 2481 279 2572 proelert,
301 2490 337 2552 et
355 2480 424 2554 alio
440 2479 586 2576 primam
611 2479 671 2553 tibi
692 2481 782 2553 inter
799 2491 921 2574 poetas
939 2481 1061 2553 sedem
1075 2483 1211 2555 tribuit.

123 2603 280 2676 Meminit
301 2608 350 2677 tui
370 2605 464 2677 Naso
483 2614 520 2677 et
539 2604 716 2676 luvenalis
737 2615 773 2675 et
789 2603 931 2675 Statius.
953 2603 1022 2675 Sed
1034 2605 1124 2695 quid
1138 2630 1213 2679 me-

124 2747 242 2798 mores
267 2731 483 2800 memorem?
508 2727 617 2800 Nemo
650 2732 722 2798 sere
756 2736 915 2799 nostrum
946 2725 995 2796 tui
1024 2725 1212 2801 immemor

123 2847 197 2920 luite
218 2848 309 2929 Quid
335 2870 435 2939 ergo,
466 2848 620 2940 inquies,
656 2870 761 2918 unum
796 2848 894 2939 illupn
926 2858 996 2918 tam
1029 2845 1210 2939 ingratum

123 2966 235 3058 patior
253 2988 358 3057 quem
379 2966 542 3037 omnibus
559 2967 747 3057 gratiorem
770 2969 905 3040 merui?
917 2970 1009 3041 Ante
1023 2990 1131 3060 quam
1147 2973 1209 3045 tibi

125 3087 372 3182 respondeam,
395 3086 521 3158 addam
540 3087 645 3159 etiam
663 3109 757 3158 nunc
776 3092 941 3182 querelae.
959 3091 1094 3183 Nequis
1110 3094 1210 3167 onim

124 3209 299 3302 ingratum
320 3230 422 3302 mque
443 3209 587 3281 forsitan
615 3210 650 3280 in
676 3230 799 3281 omnes
824 3222 936 3302 putet,
961 3221 999 3283 et
1020 3213 1148 3287 Musaei
1172 3227 1210 3287 et

124 3331 200 3403 Lini
218 3344 255 3404 et
273 3332 400 3426 Orphei
427 3353 495 3403 non
522 3333 631 3402 semel
653 3334 709 3404 illc
735 3334 829 3426 quod
855 3335 1064 3417 meminerit,
1091 3336 1211 3429 quod-

122 3475 193 3543 que
214 3454 377 3523 humilius
400 3453 472 3537 luit,
493 3464 530 3524 et
547 3453 688 3525 Hesiodi
709 3453 844 3525 Ascraei
857 3466 892 3527 et
909 3456 1081 3527 Theocriti
1099 3458 1208 3551 Syra-

124 3574 210 3643 cusii
227 3583 360 3662 poetae:
382 3583 575 3666 postremo,
597 3576 692 3666 quod
714 3599 891 3667 nunquam
918 3579 948 3647 si
973 3579 1054 3670 quis
1079 3579 1116 3648 in
1142 3579 1209 3653 illo

121 3703 216 3763 esset
233 3694 322 3765 livor
343 3696 482 3778 sineret,
503 3716 567 3766 nec
586 3696 733 3781 Varum,
756 3699 975 3791 Gallumque,
988 3703 1209 3793 nequealios

122 3824 318 3887 coaetaneos
335 3839 419 3890 snos
433 3828 535 3890 tacet.
550 3816 640 3900 Quid
656 3821 860 3892 verolNum
875 3823 960 3891 salis
974 3822 1120 3893 auxisse
1132 3822 1208 3897 iam

124 3933 247 4007 videor
266 3943 445 4031 querelam
467 3963 571 4034 quam
592 3941 649 4010 vel
670 3942 827 4014 minuere
848 3945 902 4013 vel
925 3947 1063 4016 auterre
1080 3944 1208 4019 decre-

123 4061 267 4127 veram?
288 4061 411 4154 Utique
432 4064 460 4133 si
483 4064 530 4134 nil
555 4061 705 4154 amplius
730 4062 866 4134 dixero.
894 4064 963 4133 Sed
989 4065 1206 4139 attendenda
