2670 4688
563 286 718 335 uersuum
740 287 759 336 1.
1145 276 1204 341 503

124 441 192 505 tam
216 433 397 524 repentina
417 429 562 501 mutatio
584 449 701 499 rerum
728 428 803 499 luit.
832 430 968 522 Septem
990 431 1081 502 enim
1109 453 1207 504 men·

123 554 214 626 sium
244 572 313 622 uon
337 549 487 643 amplius
514 548 628 640 spatio
657 551 769 621 fraena
802 548 1004 641 reipublicae
1038 554 1149 623 tenuit
1169 565 1207 624 ut

123 680 185 749 vix
208 677 253 748 ab
272 674 406 765 origine
426 672 547 745 muudi
569 670 681 743 maius
698 671 829 764 aliquid
851 682 1091 769 attemptatum
1110 696 1205 760 rear,

124 813 161 873 et
189 800 218 870 si
253 797 484 868 successisset
509 803 548 866 ut
571 805 736 890 ceperat,
771 794 929 865 divinum
956 793 1073 887 potius
1101 818 1205 889 quam

125 923 316 994 humanum
337 937 428 1010 opus
448 938 530 989 esse
556 896 747 1019 uideretur.
778 918 1006 1012 Et³prolecto
1037 917 1208 1012 quidquid

125 1042 171 1115 ab
198 1039 338 1112 homine
362 1039 452 1110 bene
476 1038 593 1131 agitur
617 1038 775 1110 divinum
796 1058 886 1133 opus
906 1049 971 1111 est.
994 1040 1082 1111 Huic
1104 1061 1205 1131 ergo,

124 1186 230 1259 quem
252 1174 381 1235 vestrae
401 1160 610 1253 gluriaenou
631 1159 810 1239 ambitioni
839 1161 990 1254 propriae
1011 1156 1208 1235 desudasse

125 1297 324 1368 rotumum,
340 1286 440 1356 lavor
460 1280 554 1354 haud
573 1280 888 1364 dobius‘llebetur3
909 1282 955 1363 de
975 1296 1105 1355 eventu
1126 1284 1209 1356 For-

126 1422 210 1483 tuna
230 1406 404 1502 culpanda
420 1416 486 1480 est.
509 1405 544 1476 Si
565 1405 647 1497 quis
667 1415 784 1476 autem
808 1384 929 1499 torpor
946 1405 1094 1476 ferventi
1117 1408 1209 1498 priu-

126 1532 215 1624 cipiu
244 1529 447 1609 intervenit3
480 1526 647 1599 humanae
671 1527 837 1603 varietati,
859 1537 965 1619 atque
986 1526 1211 1600 imbecillitati

126 1655 264 1723 veniam
286 1650 369 1722 date
386 1675 393 1717 :
410 1658 447 1720 et
464 1647 548 1720 dum
566 1647 646 1718 licet
663 1646 837 1720 vindicate
855 1647 968 1719 civem
988 1658 1145 1719 vestrum
1166 1645 1212 1717 ab

126 1772 265 1854 iniuria,
288 1771 346 1862 qui
367 1769 507 1841 Graecos
534 1791 555 1840 a
580 1768 827 1852 Macedonum,
860 1768 995 1838 Siculos
1022 1788 1043 1837 a
1068 1765 1212 1838 Cartha·

128 1892 343 1985 ginensium,
364 1890 558 1983 Campanos
579 1912 599 1961 a
620 1864 828 1989 Samuitum
848 1890 981 1961 Tuscos
998 1911 1019 1960 a
1034 1888 1211 1961 Gallorum

128 2013 265 2086 iniuriis
301 2033 371 2084 non
405 2015 482 2085 sine
514 2013 616 2103 gravi
649 2021 771 2084 vestro
802 2011 957 2105 periculo
990 2010 1211 2089 vindicastis.

127 2138 338 2236 Extenuatae
371 2144 466 2217 sunt,
501 2134 624 2218 fateor,
659 2155 744 2226 opes
779 2144 931 2217 vestrae;
965 2145 1000 2206 at
1032 2154 1210 2225 uunquam

128 2261 207 2352 plus
240 2260 435 2329 animorum
469 2255 627 2348 patribus
660 2257 790 2328 vestris
817 2256 882 2327 luit
907 2279 1012 2350 quam
1044 2252 1212 2328 dum'ro-

129 2400 232 2449 mana
264 2385 454 2471 paupertas
487 2376 589 2447 dives
623 2377 790 2447 virtutum
829 2380 951 2468 viguit.
991 2379 1216 2448 lmmiuuturu

128 2511 282 2594 vestram
305 2499 493 2599 potentiam
514 2518 683 2569 essenon
705 2497 851 2589 ignoro:
874 2497 937 2568 sed
960 2499 1043 2568 mihi
1065 2499 1210 2580 credite,

130 2620 161 2691 si
192 2641 262 2713 qua
292 2618 428 2714 pristini
459 2617 642 2735 sanguinis
674 2630 773 2709 gutta
800 2629 972 2712 superffest
1004 2640 1073 2690 nou
1100 2641 1212 2714 parva

128 2740 231 2814 vobis
251 2751 307 2829 est
328 2741 509 2823 maiestas,
528 2744 641 2833 neque
659 2728 843 2813 mediocris
861 2742 1061 2814 auctoritas
1077 2744 1213 2815 Audete

129 2863 305 3007 alicuid&
286 2852 417 2939 adiuro
422 2883 495 2946 vus,
511 2886 573 2956 per
595 2866 813 2936 memoriam
818 2886 937 2939 rerum
960 2865 1210 2953 humanarum,

129 2974 193 3082 pe'r
212 2985 380 3097 mutoJum
402 2987 540 3058 cineres
560 3008 601 3058 ac
621 2987 785 3077 gloriam,
808 3008 1035 3125 pessuumeu
1060 2990 1210 3093 impul,

130 3130 194 3202 per
210 3107 485 3219 misericordiam
509 3108 588 3178 lesu
611 3104 740 3180 Christi
756 3111 817 3203 qui
839 3106 935 3202 Μῇ
960 3111 1158 3205 proximum
1177 3124 1213 3185 ct

131 3225 338 3335 succurrere
356 3214 617 3315 iubet-afflictis.
640 3228 790 3313 Audete,
812 3249 887 3315 uro,
909 3229 1040 3322 aliquid
1062 3252 1213 3324 praeser-

132 3346 190 3435 tim
224 3349 325 3420 cuius
356 3359 391 3419 et
422 3349 566 3419 honesta
592 3351 726 3442 petitio,
749 3363 784 3422 et
805 3351 1027 3424 inhonestum
1052 3376 1092 3425 ac
1114 3365 1214 3448 turpe

132 3472 306 3543 silentium
340 3482 423 3542 est:
452 3483 487 3542 et
515 3472 549 3542 ci
583 3469 653 3544 uun
713 3470 830 3567 rupter
867 3477 960 3553 illius
986 3481 1151 3563 salutem,
1168 3491 1215 3549 ut

130 3606 273 3688 propter
301 3603 459 3664 vestrum
490 3586 644 3666 decusa
717 3605 772 3668 te
775 3597 922 3695 aliqud,
946 3600 974 3670 si
997 3601 1106 3672 vultis
1132 3622 1213 3673 esse

131 3715 273 3808 aliquid
296 3714 349 3783 Nil
371 3715 487 3786 miuus
508 3698 689 3791 romanum
712 3728 768 3791 est
786 3741 893 3812 quam
917 3721 1031 3792 timor.
1057 3720 1214 3796 Praedico

131 3846 192 3906 aut
192 3857 247 3907 em
276 3818 391 3921 vobis,
420 3839 599 3929 quoniam
618 3841 646 3911 si
681 3841 824 3935 tirnetis,
854 3842 883 3912 si
912 3843 1102 3934 vosipsos
1131 3860 1214 3916 coc-

132 3956 299 4043 temnitis,
319 3958 422 4059 multi
440 3979 505 4030 vos
521 3982 663 4055 quoque
680 3972 917 4048 contemnent,
937 3973 1069 4035 metuet
1086 3967 1211 4038 nullus.

133 4074 191 4146 Sin
211 4072 330 4170 sperni
341 4082 433 4153 holle
444 4083 617 4174 ceperitis,
633 4086 735 4177 louge
747 4088 886 4178 lateque
900 4086 1213 4179 metueruiuiquod
