2834 5086
161 753 169 771 ο
200 675 257 736 llll
656 686 816 735 vnltllltlltl

199 832 279 914 cior,
298 844 334 902 ut
346 833 437 916 dixi,
453 831 529 902 aliis
544 832 692 901 amarior
711 832 788 902 felle
800 830 943 923 pecunia
955 842 1020 902 est..
1036 832 1155 925 ltaque
1172 853 1272 906 num-

201 977 276 1027 mos
296 954 353 1023 alii
372 976 439 1052 non
461 953 561 1046 quasi
582 955 687 1024 fallax
703 964 738 1024 et
757 954 878 1044 fragile
905 956 1061 1026 mortalis
1082 957 1164 1027 vitae
1182 978 1272 1051 prae-

200 1078 339 1160 sidium,
364 1075 425 1149 sed
454 1076 556 1170 quasi
577 1078 702 1149 fratres
721 1088 780 1148 aut
801 1074 889 1148 filios
910 1089 1041 1161 amant,
1071 1099 1166 1172 saepe
1191 1081 1270 1171 plus

199 1205 300 1275 otiam
321 1223 426 1295 qnam
446 1222 485 1272 se
503 1202 613 1296 ipsos,
634 1200 774 1293 quando
794 1213 833 1271 ut
849 1201 1001 1272 nummis
1023 1210 1164 1294 parcant
1179 1204 1269 1273 lame

198 1334 354 1419 pereunt.
377 1325 506 1396 Horum
520 1325 578 1396 alii
591 1335 784 1397 contactum
802 1346 867 1396 ceu
882 1325 1122 1416 contagiosum
1140 1325 1269 1418 aliquid

198 1451 342 1533 evitant,
378 1458 414 1518 et
446 1449 546 1542 quasi
579 1471 647 1520 non
680 1448 829 1519 sufficiat
853 1449 1033 1520 avaritiam
1059 1449 1265 1532 declinasse,

198 1572 263 1644 nisi
285 1573 318 1640 in
337 1574 548 1644 contrarium
570 1570 759 1656 relabatur,
787 1570 916 1643 bellum
941 1571 1101 1642 indixere
1121 1571 1266 1655 divitiis,

197 1717 284 1790 quas
319 1708 357 1769 ut
389 1696 492 1768 valde
524 1704 644 1790 optare
677 1695 867 1781 imbecillis,
899 1698 950 1766 sic
982 1718 1049 1767 non
1068 1671 1172 1790 pos'se
1199 1696 1269 1788 pati

197 1826 353 1892 enervati
375 1821 478 1892 animi
497 1831 560 1890 est.
579 1819 665 1889 Hinc
681 1818 774 1910 apud
791 1819 948 1891 Flaccum
970 1829 1128 1890 extrema
1146 1818 1202 1890 illa
1224 1821 1270 1890 ri-

197 1943 310 2014 dicula
344 1946 460 2037 procul
486 1965 504 2014 a
537 1944 666 2015 virtute
685 1942 849 2014 distantia
869 1940 1008 2013 Laberii
1033 1952 1069 2012 et
1093 1941 1266 2038 Aristippi,

197 2085 344 2157 quorum
363 2067 495 2158 primus
518 2065 692 2157 multiplici
714 2086 814 2156 prena
840 2063 1040 2136 haeredibus
1058 2065 1216 2159 apposita
1233 2067 1267 2136 ni

197 2191 408 2279 paruissent,
429 2208 566 2258 omnem
587 2187 736 2278 ingentis
758 2186 955 2280 patrimonii
976 2189 1029 2260 sui
1050 2190 1190 2261 modum
1213 2210 1268 2259 se-

196 2311 330 2403 pulchri
352 2332 439 2382 saxo
456 2310 558 2379 iussit
571 2310 728 2402 insculpi,
750 2334 820 2404 quo
836 2312 966 2384 scilicet
979 2314 1167 2406 posteritati
1188 2325 1268 2384 nola

198 2435 342 2505 felicitas
364 2455 426 2503 sua
444 2444 538 2505 esset
558 2455 663 2525 quam
682 2434 715 2502 in
733 2435 864 2505 divitiis
892 2436 1095 2527 reponebat:
1128 2438 1214 2506 alter
1235 2437 1267 2504 in

196 2553 305 2646 Lybia
326 2574 450 2624 servos
464 2575 586 2624 aurum
606 2574 707 2622 snum
729 2575 799 2644 quo
820 2554 953 2643 gravati
978 2554 1108 2624 tardius
1131 2554 1269 2624 incede·

197 2674 295 2753 bant,
313 2675 413 2765 quasi
435 2696 572 2745 coenum
587 2674 689 2744 iussit
703 2674 866 2758 abiicere,
888 2697 966 2746 cnm
982 2677 1036 2745 ille
1057 2688 1178 2769 posset
1196 2697 1268 2746 rem

197 2797 362 2867 caducam
389 2799 527 2889 penitus
542 2798 716 2880 foenerari,
736 2809 771 2868 et
785 2798 840 2869 bic
857 2801 892 2868 in
913 2802 1073 2871 meliores
1096 2822 1182 2871 usus
1204 2802 1270 2870 lar-

197 2919 323 3011 giendo
355 2941 460 3012 qnam
493 2919 703 3012 proiiciendo
729 2933 945 2993 convertere.
980 2923 1068 2994 Sunt
1086 2923 1215 3014 quibus
1235 2925 1270 2993 in

197 3042 302 3114 rebus
323 3041 483 3112 omnibus
514 3041 734 3114 mediocritas
768 3047 889 3137 placet.
912 3047 1042 3116 llorum
1058 3067 1105 3117 ex
1127 3066 1271 3117 numero
1319 3027 1321 3031 Α

197 3188 276 3237 esse
290 3166 403 3249 velim,
413 3186 475 3234 nec
486 3163 634 3236 verebor
649 3165 938 3257 pusillanimitatis
952 3167 1271 3257 infamiam,mequc

196 3290 253 3359 illo
273 3290 416 3359 Senecae
437 3288 634 3358 testimonio
656 3289 813 3358 tuebeor:
833 3287 959 3376 dloqui,
975 3290 1093 3381 inquil,
1108 3289 1214 3358 animi
1225 3300 1272 3357 cst

196 3433 318 3503 mcprm
338 3424 554 3493 contemnere,
577 3425 608 3480 ct
624 3409 800 3480 mediocria
819 3413 915 3479 molle
935 3434 1032 3500 quom
1058 3414 1170 3481 nimio.
1204 3411 1272 3482 sed

197 3537 326 3607 omissa
344 3546 505 3605 votorum
519 3535 690 3605 varietate
703 3535 910 3618 mortalium,
928 3532 974 3605 ad
995 3556 1059 3605 nos
1077 3546 1111 3604 et
1124 3556 1196 3604 rem
1211 3554 1272 3603 no-

198 3669 305 3729 stram
328 3658 442 3729 redeo.
466 3658 515 3728 Tu
546 3657 686 3750 quidem
712 3681 816 3749 quam
839 3657 1006 3729 industrio
1027 3657 1196 3729 amicitias
1218 3679 1272 3729 re-

198 3805 281 3873 gum
295 3784 388 3851 colas
404 3780 529 3871 insigni
546 3801 657 3872 nuper
671 3780 914 3872 experimento
931 3791 966 3850 et
980 3781 1146 3872 praeclara
1161 3801 1271 3872 usque

198 3907 243 3977 ad
268 3907 400 3975 exitum
419 3903 488 3974 fide
510 3903 725 3987 monstrasti,
760 3902 848 3974 adeo
874 3915 912 3974 ut
937 3916 970 3974 te
987 3915 1022 3974 et
1042 3904 1189 3975 amicum
1209 3924 1272 3973 rex

198 4030 282 4100 dum
299 4027 398 4110 vixit,
413 4038 447 4098 ot
461 4049 553 4099 nunc
572 4029 674 4099 etiarn
697 4050 841 4119 regnum
865 4028 978 4121 ipsum
1001 4027 1125 4098 Siciliae
1139 4037 1271 4122 patrem

201 4162 310 4224 vocet.
333 4152 403 4222 Nec
425 4152 504 4223 idco
523 4153 620 4245 quod
642 4153 673 4220 in
693 4162 809 4223 monte
831 4163 925 4222 stare
942 4169 1178 4222 consueveras
1200 4149 1273 4217 val·

200 4278 267 4345 lom
288 4275 379 4360 odis,
401 4275 525 4347 doctus
546 4286 581 4347 et
602 4277 781 4369 suspicere
801 4287 836 4346 et
852 4296 954 4367 aequa
975 4275 1187 4366 conspicere,
1211 4292 1274 4341 nec

204 4406 316 4469 tamen
332 4401 397 4469 ima
415 4400 604 4494 despicere.
619 4401 740 4470 Omnia
753 4404 844 4470 onim
858 4421 963 4491 agero
981 4400 1094 4469 virtus
1112 4398 1223 4480 docet,
1238 4404 1274 4466 et

203 4519 442 4595 diversissima
460 4525 546 4607 licet,
558 4546 627 4596 nno
645 4524 785 4595 rationis
800 4524 943 4615 imperio
956 4521 1184 4594 administrat.
1199 4519 1272 4589 Non
