2670 4688
456 159 497 210 ΒΕ
517 159 618 208 ababa·
638 159 858 209 l'atttntlmuus
979 168 986 189 '

524 494 701 559 EPIS'IOIA
722 494 790 559 VIII.

199 684 391 735 ananctscus
412 686 581 736 ustulata
601 687 696 737 ANNE
718 685 833 737 canunt
853 689 893 738 Ill.
914 687 1130 738 lurnuatoats

535 792 632 841 uxum
653 792 680 841 S.
701 792 730 841 Ρ.
751 792 782 841 o.

187 977 282 1035 Filiam
297 978 383 1034 enixae
398 977 553 1050 gratulatur
566 983 594 1032 et
607 977 756 1032 illustrium
771 977 948 1034 loeminarum
962 978 1126 1036 memoriam

329 1084 470 1136 revocans,
486 1066 630 1122 mullebris
644 1082 726 1122 sexus
741 1067 838 1124 laudes
849 1069 981 1124 celebrat.

217 1400 301 1470 Tnae
319 1395 516 1467 serenitatis
536 1396 728 1489 epistolam,
748 1394 1001 1488 glorioSIssima
1021 1395 1197 1490 Augusta,

120 1525 222 1592 laetus
242 1540 476 1611 reverensquc
500 1517 663 1611 suscepi;
689 1517 746 1588 ubi
772 1517 857 1611 quid
883 1519 1033 1612 primum
1060 1519 1199 1595 mirer‘l

121 1645 264 1715 Tantam
282 1664 327 1714 ue
344 1643 409 1714 hac
427 1654 497 1716 tam
516 1643 655 1714 iuvenili
673 1650 776 1714 aetate
793 1644 1021 1736 sapientiam?
1036 1642 1091 1716 An
1107 1645 1199 1717 emi-

120 1767 324 1840 nentissima
350 1767 415 1841 hac
444 1769 582 1839 fortuna
614 1780 681 1838 tam
710 1765 881 1838 insolitam
915 1780 951 1839 et
980 1779 1051 1839 tam
1076 1789 1198 1843 rarum

122 1891 367 1965 humanitatem
390 1902 496 1976 tuam,
517 1913 587 1982 qua
609 1912 665 1959 me
685 1911 791 1958 unum
809 1911 856 1959 ex
876 1891 1011 1983 pusillis
1031 1890 1100 1963 tuis
1118 1900 1197 1964 toto

121 2037 208 2106 peno
229 2013 313 2086 orbe
334 2015 544 2084 disiunctum
567 2008 818 2081 iucundissimo
838 2014 975 2097 nuntio,
996 2024 1033 2085 et
1051 2014 1201 2089 familia-

45 2217 46 2221 ,
123 2137 270 2206 nissimis
287 2135 410 2206 litteris
428 2131 547 2224 gaudii
567 2133 617 2202 tui
634 2129 834 2224 participem
854 2129 929 2202 fieri
946 2137 1034 2208 valle
1050 2136 1200 2230 dignata

122 2260 182 2328 es‘l
206 2255 272 2326 Pro
296 2275 366 2347 quo
390 2252 530 2346 quidem
565 2275 632 2324 non
657 2252 813 2340 Lucina,
841 2268 879 2329 ut
908 2256 987 2329 olim
1016 2281 1110 2333 verae
1142 2264 1200 2335 lu-

52 2443 53 2447 ,
122 2381 172 2452 als
206 2376 316 2471 ignari
349 2374 506 2467 gentiles,
541 2377 602 2448 sed
633 2375 770 2448 Christo
800 2378 940 2450 luciset
963 2381 1047 2453 vitoe
1071 2391 1107 2454 et
1132 2382 1200 2454 bo

122 2525 245 2577 norum
266 2501 420 2574 omniurn
441 2497 572 2569 auctori
591 2510 742 2594 quantas
763 2523 905 2595 possum
929 2513 1041 2575 tecum
1063 2503 1198 2596 gratias

122 2647 205 2718 ago,
226 2624 286 2717 qui
312 2622 576 2696 adolescentiam
599 2637 692 2696 tuam
714 2646 781 2695 non
810 2624 870 2696 tibi
891 2633 1022 2695 tantum
1044 2625 1107 2698 sed
1133 2629 1197 2699 toti

122 2746 270 2839 Imperio
294 2745 414 2818 votiva
437 2746 658 2819 soecunditate
678 2746 839 2818 laetificat.
867 2744 942 2815 Tibi
965 2770 1106 2842 quoque
1130 2774 1198 2845 pro

110 2855 188 2939 'bac
207 2878 263 2938 tua
283 2866 493 2959 dignatione,
511 2870 673 2960 quonlam
695 2867 789 2940 aliud
811 2866 894 2938 nibil
912 2880 968 2940 est
986 2870 1081 2958 mibi,
1100 2876 1197 2966 quod

124 3001 219 3064 tanto
244 2992 377 3061 muneri
405 3014 468 3086 par
494 2991 696 3084 rependam,
723 2992 758 3062 in
784 2991 838 3062 his
863 2993 1023 3066 litterulis
1048 3017 1195 3068 venera-

122 3115 260 3187 bundus
280 3134 439 3206 assurgo.
465 3112 599 3208 Neque·
615 3136 701 3185 vero
727 3124 822 3186 tuum
850 3115 932 3202 hoc,
959 3131 995 3190 et
1017 3142 1133 3191 meum
1158 3133 1195 3194 et
1224 3159 1236 3175 ·

123 3257 306 3308 commune
331 3237 495 3330 gaudium
517 3237 709 3321 imminuat,
730 3239 822 3331 quod
848 3239 980 3332 primus
1002 3241 1062 3312 tibi
1082 3244 1194 3316 loemi-

7 3397 10 3403 -
124 3381 211 3430 neus
231 3371 351 3454 partus
370 3372 434 3431 est.
456 3359 542 3431 Nam
561 3373 599 3432 ut
620 3359 832 3453 sapientibus
852 3366 968 3456 placet,
992 3387 1084 3458 saepe
1100 3368 1194 3461 prin-

124 3482 248 3576 cipium
283 3483 397 3556 debile
427 3483 546 3554 melior
571 3486 704 3555 Iortuna
732 3488 964 3580 prosequitur.
992 3490 1109 3560 Solent
1132 3494 1192 3584 qui

125 3607 275 3678 maxima
294 3609 479 3679 moliuntur
497 3606 672 3677 humiliter
686 3607 849 3679 exordiri.
869 3612 968 3696 Quod
987 3613 1020 3681 in
1041 3616 1193 3689 ternodo

125 3728 289 3802 credibile
314 3743 369 3801 est
393 3731 509 3823 egisse
529 3741 700 3812 naturam,
726 3741 761 3799 et
782 3730 846 3803 boc
871 3735 950 3804 lacto
972 3734 1071 3808 unico
1090 3751 1191 3832 partu

127 3866 186 3925 tuo
214 3856 339 3925 multos
374 3855 434 3924 tibi
466 3855 665 3926 laetiSsimos
694 3852 856 3946 polliceri.
889 3858 979 3930 Satis
1012 3872 1066 3933 est
1093 3862 1193 3936 nobis

126 3975 334 4070 quicumque
353 3975 397 4049 de
423 3987 455 4046 te
480 3979 594 4072 daque
619 3975 743 4048 illustri
766 3990 926 4051 consorte
956 3991 1016 4054 tuo
1039 3996 1192 4059 tumores
