2670 4688
122 266 180 326 ast
587 273 751 322 vnnrsnuu

124 418 383 491 licetabsentiae
396 415 580 509 dispendia
600 416 801 486 leniremus.
815 413 914 498 Quid
925 426 1064 501 autem,
1079 439 1222 511 quaeso,

123 544 266 628 felicius,
289 542 375 636 quid
394 542 546 623 dulcius
565 561 670 633 quam
689 561 769 610 cum
783 540 909 612 amicis
933 550 1052 613 totum
1073 543 1105 614 si
1121 543 1222 615 detur

123 678 260 758 tempos
281 686 388 757 agere
409 665 521 735 vitae?
539 662 647 755 Atqui
675 674 790 734 tecum
813 683 878 734 ero
902 663 992 734 dum
1024 687 1086 737 me
1109 667 1218 758 leges,

124 809 260 858 mecum
281 788 352 858 eris
372 786 455 857 dum
487 797 520 855 te
546 786 671 876 legam.
701 784 848 877 Semper
878 784 971 856 milri
995 787 1117 858 fateor
1137 808 1219 880 pree

126 930 209 981 sens
226 929 281 991 es;
304 921 382 980 utor
406 907 498 977 enim
525 907 709 999 privilegio
742 906 936 977 amantium
971 921 1010 979 et
1038 908 1216 981 absentem

126 1028 255 1100 absens
275 1031 379 1101 audio
391 1039 427 1100 et
443 1028 558 1098 video.
574 1028 693 1099 Potest
709 1026 914 1120 Apenninus
926 1049 1085 1121 corpora
1103 1042 1214 1103 nostra

126 1151 299 1234 dirimere,
318 1152 452 1221 animos
474 1151 548 1220 loca
569 1171 638 1220 non
663 1149 839 1220 dirimunt
860 1149 974 1240 Alpes
994 1150 1101 1244 ipsas
1117 1154 1215 1223 inter·

128 1294 222 1356 sere,
244 1283 280 1342 et
305 1273 497 1343 Caucasum
531 1283 567 1341 et
594 1271 732 1342 Atlanta
764 1279 800 1339 et
830 1269 1023 1364 Olympum
1066 1274 1215 1345 nubibus

127 1395 300 1473 altiorem,
324 1392 436 1484 ipsum
458 1391 610 1484 denique
630 1392 804 1462 Oceanum
831 1389 1044 1485 interpone,
1072 1415 1216 1487 congre-

126 1516 263 1587 diemur
287 1523 415 1594 tamen,
437 1512 757 1597 confabulabimnr,
780 1513 1038 1604 colloquemur,
1065 1540 1136 1589 una
1152 1517 1216 1589 eri-

128 1655 224 1716 muS,
244 1634 346 1703 simul
372 1632 690 1718 deambulabimus,
719 1634 820 1704 simul
846 1633 1088 1722 coenabimus,
1116 1640 1214 1709 simul

127 1752 421 1850 pernoctabimus
443 1776 509 1826 nec
529 1755 674 1849 epistola
695 1754 811 1826 ventis
836 1755 963 1836 allata,
992 1760 1139 1849 qualem
1165 1759 1215 1828 Ti-

127 1877 294 1951 berianus
328 1877 568 1970 hemisphaerii
605 1878 709 1949 huius
748 1875 874 1948 accolis
905 1875 952 1947 ab
981 1877 1213 1973 Antipodibns

129 2003 273 2074 missam
295 2000 409 2093 fingit,
432 2002 495 2072 sed
513 1999 747 2093 praesentibus
768 2022 809 2071 ac
828 1999 919 2069 notis
945 2000 1138 2076 affectibus
1157 2006 1214 2075 im-

109 2104 312 2218 portunam
350 2123 531 2192 vincemus
565 2121 771 2192 absentiam.
808 2122 853 2191 Et
883 2118 964 2191 licet
992 2123 1212 2196 obstantibus

127 2244 321 2325 elementis,
336 2242 585 2312 convenienter
602 2264 682 2313 cum
704 2242 832 2336 quovis
852 2245 953 2314 vultu
974 2245 1048 2338 (ric)
1071 2247 1212 2320 assidue

128 2386 265 2438 mecum
286 2365 348 2449 sis,
370 2384 435 2437 nec
460 2362 647 2455 aliquando
663 2364 885 2449 discesseris
910 2388 1050 2459 exque
1067 2370 1212 2463 primum

128 2508 230 2560 meus
249 2508 331 2559 esse
356 2487 520 2571 voluisti,
547 2496 663 2559 manen
688 2487 724 2557 in
745 2486 867 2558 litteris
900 2490 1078 2560 recentior
1112 2503 1211 2585 atquc

128 2612 287 2684 veracior
306 2613 415 2685 iacies
437 2624 584 2697 tuaest,
612 2619 650 2683 ut
672 2612 763 2682 inter
781 2608 968 2701 legendum
996 2613 1121 2685 multis
1138 2621 1213 2708 post

127 2733 267 2818 diebus,
295 2746 423 2826 praeter
444 2736 597 2817 solitum,
620 2733 723 2826 quasi
760 2732 862 2803 vivas
894 2752 1002 2804 voces
1036 2734 1209 2807 audierim

127 2859 346 2946 frontemque
358 2854 618 2947 quodammodo
631 2864 668 2925 et
687 2855 782 2947 ipsos
795 2855 895 2927 amici
915 2856 1040 2927 oculos
1060 2878 1211 2951 aspere·

127 2978 203 3048 rim.
218 2976 266 3046 lta
283 2973 366 3042 mibi
388 2975 422 3043 in
444 2976 564 3069 paucis
587 2974 702 3046 verbis
724 2975 905 3049 eminebas
925 2988 1033 3061 lotoe,
1059 2990 1098 3052 ut
1118 2981 1211 3053 dice·

127 3122 216 3171 rem:
235 3096 293 3168 ob!
315 3096 501 3166 femineum
516 3096 705 3186 ingenium,
720 3099 787 3169 oh!
804 3099 893 3171 bona
907 3100 1115 3185 Carmentis,
1130 3122 1209 3195 qnae

126 3218 194 3293 hoc
207 3221 297 3291 inter
316 3215 481 3288 absentes
495 3216 688 3289 remedium
706 3220 870 3293 meditata
884 3223 940 3292 es!
957 3223 1103 3294 Fecerat
1116 3224 1207 3297 idem

126 3342 220 3436 apud
241 3338 423 3411 Chaldaeos
448 3335 640 3423 Abraham,
655 3342 747 3435 apud
767 3343 1099 3439 Hebraeosblnyses,
1112 3347 1209 3442 apud

124 3467 265 3537 Graecos
296 3460 464 3533 Cadmus:
496 3461 670 3557 AEgyptiis
693 3475 729 3533 ot
755 3465 886 3537 Latinis
913 3467 1078 3540 mulieres
1102 3492 1208 3563 argu-

125 3588 271 3659 lissimar
291 3581 488 3676 providisti:
511 3584 576 3653 isis
602 3585 787 3679 AEgyptiis,
812 3599 848 3660 tu
869 3587 981 3661 nobis.
1004 3591 1076 3661 Hoc
1103 3593 1209 3683 igitur

125 3708 208 3780 milri
236 3705 397 3777 solatium
429 3707 627 3781 restitutum
653 3709 809 3801 gaudeo,
838 3722 941 3804 teque
971 3713 1076 3804 longo
1109 3717 1209 3787 velut

124 3826 335 3923 postliminio
350 3828 553 3903 redeuntem
567 3833 669 3904 laetus
682 3833 882 3922 amplector.
906 3833 1005 3905 Nune
1018 3834 1063 3905 ad
1075 3837 1210 3932 episto-

126 3955 169 4023 lae
192 3963 261 4024 tuae
282 3972 426 4024 sensum
447 3957 565 4040 venio,
590 3953 647 4027 ubi
665 3953 693 4024 si
712 3953 852 4024 brevior
878 3975 956 4025 sum
977 3979 1083 4049 quam
1107 3963 1207 4048 velis,

126 4075 264 4146 veniam
285 4074 397 4149 dabis.
418 4078 505 4152 Nam
524 4090 559 4153 et
579 4079 707 4170 hospes
726 4096 803 4147 mea
819 4076 973 4163 tertiana,
995 4091 1036 4150 et·
1052 4092 1211 4176 septem-
