2670 4688
549 317 703 368 usurum
722 319 784 368 uru.
1042 292 1048 301 ’
1144 304 1204 367 itti

127 458 220 554 quod
240 460 329 530 inter
348 455 523 553 lapidosos
540 467 580 531 et
600 478 746 552 asperos
772 459 898 541 οοΙΙοε,Ι
925 458 962 529 in
986 461 1062 532 snio
1086 459 1201 546 arido,

127 603 190 654 nee
220 578 392 653 maritimo
428 588 545 674 portu,
579 600 644 651 nee
671 579 787 651 navali
819 579 963 651 flumine
994 578 1113 653 adiuto
1132 590 1203 653 tam

127 699 228 772 brevi
248 702 412 795 temporis
437 702 562 794 spatio,
583 703 655 774 iera
674 701 768 772 enim
784 699 941 772 omnium
956 701 1066 774 italiae
1081 701 1204 775 eivita-

128 832 202 894 tum
220 824 459 913 renentissipna
475 825 600 896 eivitas
617 834 736 896 vestra
753 835 822 909 est,
841 825 875 895 in
893 845 971 896 eam
989 825 1206 898 succreverit

128 943 403 1034 magnitudinem
428 956 467 1016 ut
490 944 624 1017 vicinas
653 967 777 1019 omnes
801 947 1038 1042 amplissimas
1062 945 1206 1042 quidem

128 1064 236 1136 urbes
269 1088 379 1161 prope
415 1066 664 1139 incredibiliter
700 1088 948 1162 supergressa,
988 1090 1055 1141 nun
1093 1071 1214 1143 sulum*

128 1187 220 1257 fama
239 1187 388 1258 nominis
409 1195 471 1259 aut
489 1187 651 1280 pretiosis
674 1186 860 1268 mercibus,
883 1188 977 1282 quod
1002 1190 1117 1284 ipsum
1142 1192 1208 1262 mi-

128 1306 236 1378 raculi
256 1307 366 1379 instar
386 1321 477 1395 arat,
501 1309 564 1382 sed
582 1319 619 1381 et
638 1310 716 1402 ipsa
732 1311 836 1381 etiam
855 1312 940 1384 felix
957 1314 1054 1407 prole
1073 1311 1204 1397 virum,

127 1427 306 1511 et·³in,bae
325 1452 466 1523 quoque
491 1432 592 1503 matri
618 1430 757 1514 similis,
784 1442 821 1502 et
847 1440 954 1504 tantae
979 1433 1111 1506 sobolis
1135 1434 1206 1505 iam

127 1571 197 1620 non
217 1571 340 1642 capax,
358 1552 595 1625 disseminatis
615 1565 687 1626 toto
703 1552 790 1624 orbe
805 1553 955 1640 civibus,
968 1575 1071 1627 omne
1084 1554 1207 1633 mundi

127 1673 217 1743 latus
235 1673 464 1766 impleverat?
476 1675 657 1760 Quaenam,
679 1695 819 1769 quasso,
847 1686 896 1749 tut
922 1678 1117 1769 praesertim
1143 1676 1207 1749 ad·

127 1793 349 1867 versantibus
367 1795 472 1869 huius
490 1805 597 1870 tautae
612 1809 649 1869 et
665 1808 735 1869 tam
753 1798 942 1890 repentinae
954 1799 1205 1891 magnitudinis

127 1934 234 1985 eausa
251 1916 335 1987 fuiti
347 1918 482 1991 Dixerit
498 1919 640 2012 aliquis,
658 1921 808 1991 tortasse
827 1940 942 1991 aerem
956 1940 1100 1991 eausam
1112 1941 1202 2004 esse,

126 2047 163 2108 et
182 2038 278 2130 quod
297 2038 416 2112 virtuti
435 2051 491 2113 est
505 2040 683 2134 proprium
707 2040 835 2113 tribuet
851 2042 1010 2114 fortunae.
1027 2039 1124 2115 diter
1140 2042 1204 2114 im·

125 2159 324 2252 pigerrimus
343 2163 458 2254 gentis
490 2163 696 2236 industriam
723 2162 978 2257 versatilesque
1006 2165 1142 2236 animos
1167 2173 1205 2236 et

125 2280 328 2375 applicabiie
346 2284 393 2356 ad
412 2304 535 2355 omnes
555 2292 651 2356 artes
672 2283 850 2376 ingenium
877 2284 967 2356 inter
985 2306 1113 2359 causas
1137 2308 1204 2358 nu·

125 2401 294 2484 merabit3
315 2426 386 2475 non
405 2404 522 2495 inepte
547 2404 707 2497 quidem,
743 2406 826 2481 dum
856 2405 1055 2476 meminerit
1071 2406 1203 2477 tamdiu

125 2521 272 2612 primam
302 2531 339 2593 et
371 2524 562 2595 maximam
591 2524 696 2594 huius
726 2524 777 2595 rai
801 2545 943 2595 causam
971 2524 1064 2595 sileri
1089 2523 1203 2597 donec

125 2641 269 2714 iustitiae
287 2644 442 2716 studium
465 2644 618 2717 sileatur.
640 2644 716 2729 Illa,
739 2645 893 2738 inquam,
915 2645 1115 2717 inerementi
1141 2668 1201 2719 ve-

125 2764 188 2837 stri
206 2788 291 2838 nera
310 2779 347 2839 et
368 2765 545 2861 praeeipua
565 2778 762 2852 causaest,
784 2766 862 2838 sine
881 2788 950 2861 qua
976 2787 1020 2837 ne
1045 2765 1128 2839 dum
1153 2768 1202 2839 ui·

125 2887 226 2972 vitas,
247 2888 309 2960 sed
330 2911 394 2962 neu
413 2889 540 2962 domus
557 2888 696 2981 exigua,
715 2911 784 2962 non
804 2889 920 2961 dicam
944 2909 1115 2974 creseere,
1137 2888 1202 2963 sed

124 3032 190 3082 nee
222 3019 317 3083 stare
348 3012 489 3104 quidem
526 3013 663 3107 putarit.
700 3012 977 3085 Fundamentum
1020 3011 1200 3084 civitatum

124 3133 279 3203 omnium
302 3135 431 3206 iustitia
451 3144 520 3217 est,
542 3155 648 3228 super
667 3134 779 3228 quod,
806 3134 836 3206 si
861 3156 986 3206 verum
1011 3133 1199 3226 quaeritur,

124 3257 236 3326 vestri
255 3257 405 3329 maiores
419 3255 631 3329 {edificatam
659 3256 762 3330 vobis
788 3257 1070 3328 florentissimam
1096 3265 1202 3349 atque

125 3373 360 3450 firmissimam
381 3377 640 3471 Rempublicam
663 3378 888 3471 reliquerunt.
909 3376 949 3449 ld
967 3376 999 3449 si
1019 3376 1123 3450 modo
1139 3398 1203 3472 per

123 3498 303 3590 ignaviam
320 3499 387 3571 labi
404 3499 613 3593 permittitis,
631 3499 716 3593 quid
733 3499 870 3594 sperari
886 3499 967 3571 lieet
983 3499 1077 3572 aiiud
1093 3520 1202 3592 quam

122 3618 247 3691 ruina?
263 3621 500 3692 surrexerunt
515 3642 598 3692 ecce
615 3619 732 3693 sicarii
747 3617 910 3706 iniamus,
928 3631 964 3693 et
979 3607 1076 3713 quud
1094 3642 1201 3693 unum
1328 3701 1331 3707 ,

97 3820 100 3827 ,
123 3741 167 3813 ad
187 3741 410 3813 excitandum
428 3763 550 3816 omnes
566 3743 697 3816 irarum
714 3745 855 3816 aculens
874 3746 960 3816 satis
977 3754 1070 3831 erat,
1086 3744 1200 3818 nivem

123 3875 281 3953 vestrum
296 3863 464 3960 optimum
476 3865 601 3951 virum,
616 3865 680 3950 eui,
701 3872 739 3936 ut
756 3864 920 3951 ereditur,
937 3865 982 3939 ab
999 3888 1042 3939 eu
1057 3867 1114 3940 die
1129 3890 1201 3962 quo

123 3983 301 4060 sinistrum
331 3987 457 4082 pedem
489 3985 595 4060 domo
625 3988 752 4059 extulit
782 3987 928 4060 insidias
962 3991 1198 4074 tetenderunt,

121 4126 293 4202 nusquam
312 4108 380 4183 nisi
401 4110 437 4181 in
456 4108 536 4184 sinu
556 4120 675 4182 vestro
693 4119 848 4182 mactare
870 4111 948 4184 ausi
970 4121 1066 4198 sunt,
1086 4113 1200 4206 qnod-

241 4234 281 4279 tu.
1013 4230 1045 4280 &ii
