2670 4688
508 475 685 548 EPISTULA
708 483 778 546 LlX.

240 629 417 681 centurius
438 628 616 678 vlcuconus
639 626 835 685 lloquttltnu
857 627 898 675 UT
920 626 1048 676 ulclruu

453 726 606 775 Erlscoro
628 724 834 775 AUGUSTENSI.

105 867 147 922 ub
159 867 266 921 litteras
280 865 417 937 superbie
431 870 461 919 et
479 864 614 918 iactantiae
632 864 730 934 plenus
748 862 783 918 ab
802 879 835 918 eo
854 862 908 918 sibi
925 863 1025 919 missas
1043 862 1183 920 Geleatius

192 957 351 1010 Vicecomes
378 954 545 1026 Episcopum
570 952 746 1022 indignanter
772 953 933 1024 alloquitur,
955 958 983 1007 et
1003 952 1085 1007 minis
1112 953 1184 1008 inse-

194 1046 299 1116 quitur.

202 1237 382 1332 Superbiae
396 1239 466 1309 imo
478 1257 564 1308 vero
581 1238 727 1308 insaniae
742 1248 813 1309 tuee
827 1239 974 1325 litterae,
990 1262 1078 1332 quas
1094 1242 1184 1313 iuiu-

105 1363 165 1431 rils
188 1362 305 1452 plenas
323 1361 589 1452 exudautesqoe
610 1359 776 1431 conviciis
798 1360 831 1430 in
858 1382 924 1432 uos
945 1362 1072 1434 diceris
1099 1363 1184 1435 effu·

104 1484 215 1566 disse,
238 1481 283 1552 ad
305 1503 428 1552 manus
449 1492 588 1552 nostras
613 1503 682 1551 nou
708 1485 916 1575 pervenisse
949 1485 1102 1570 noveris,
1122 1485 1184 1557 sed

104 1604 288 1675 dumtaxat
298 1603 544 1674 continentiam
559 1604 592 1671 iu
606 1602 731 1673 effectu
741 1604 974 1696 quorumdam
989 1605 1088 1677 uobis
1098 1605 1185 1679 fide·

104 1727 185 1796 lium
204 1736 403 1796 nostrorum
425 1725 609 1794 sedulitate
631 1725 888 1810 transmissam,
906 1727 1071 1819 quodque
1088 1729 1185 1821 ipsas

104 1869 165 1917 eas
178 1869 247 1941 qua
264 1846 503 1917 decuitlroute
517 1846 756 1940 percepimuS‚
780 1869 958 1940 uunquam
982 1852 1100 1940 procul
1119 1849 1185 1920 du-

105 1971 161 2041 bio
178 1970 340 2041 credituri
355 1972 422 2041 tole
443 1968 571 2060 aliquid
591 1969 666 2039 sani
694 1969 845 2039 hominis
867 1970 1092 2062 processisse.
1116 1972 1186 2042 Sed

103 2106 141 2164 ut
160 2094 275 2166 omnia
295 2092 340 2163 de
363 2103 394 2162 te
414 2090 601 2162 credamus
624 2089 749 2161 suadet
774 2091 983 2162 notissimus
1002 2103 1037 2163 ct
1057 2093 1185 2188 impor-

104 2215 218 2287 tabilis
237 2219 334 2286 furer
355 2227 447 2285 tuus.
471 2215 566 2285 Solet
582 2213 675 2282 enim
693 2233 809 2282 sermo
837 2213 987 2284 hominis
1005 2213 1089 2285 vitae
1110 2235 1184 2286 mo-

104 2335 272 2427 ribusque
292 2335 486 2404 simillimus
507 2353 600 2415 esse,
618 2342 654 2402 et
673 2336 803 2402 clerum
821 2335 926 2403 animi
950 2336 1183 2406 testimouium

104 2455 214 2527 oratio
233 2454 428 2548 perhibere.
450 2454 501 2523 Tu
520 2450 676 2544 quidem,
698 2462 867 2543 quantum
894 2454 1039 2544 intelligi
1064 2455 1182 2538 datur,

104 2575 250 2646 credens
283 2578 369 2646 torte
403 2573 463 2643 tibi
494 2593 566 2643 rem
588 2593 669 2643 esse
688 2594 768 2643 cum
792 2575 921 2664 pueris,
950 2575 1185 2666 multipliciter

105 2700 204 2769 visus
224 2719 264 2768 es
285 2708 324 2767 ut
344 2717 408 2767 uos
429 2704 576 2767 ventoso
608 2694 737 2764 tonitru
756 2701 791 2764 et
808 2694 995 2766 verborum
1029 2697 1182 2768 inanium

104 2820 301 2913 fragoribus
318 2796 528 2891 deterreres.

202 2944 272 3015 Nos
293 2944 366 3035 qui,
401 2953 568 3035 quantum
601 2944 633 3011 iu
669 2941 734 3013 hae
769 2943 839 3013 uite
866 2941 965 3013 brevi
986 2955 1020 3013 et
1041 2943 1185 3013 iuvenili

105 3073 207 3136 atate
229 3066 439 3159 permissum
460 3078 530 3149 est,
559 3067 665 3136 multa
685 3063 853 3149 vidimus,
883 3066 981 3158 plura
998 3065 1103 3135 eliam
1124 3084 1187 3134 au·
1273 3056 1287 3159 f

105 3180 258 3251 divimus
278 3183 523 3273 memoriaeque
545 3179 806 3264 mandavimus
834 3191 869 3250 et
894 3179 1089 3250 insolentiae
1116 3190 1186 3249 tuae

106 3303 270 3373 miuasac
282 3303 373 3374 dicta
384 3301 651 3386 contemnimus
671 3300 811 3372 omuino
829 3304 1069 3373 muscularum
1092 3321 1186 3370 mur-

105 3447 198 3509 mur,
220 3445 262 3495 ac
282 3445 395 3495 venus
418 3425 583 3516 strepitus
609 3446 676 3494 non
703 3423 897 3495 horremus.
935 3424 987 3494 Tu
1010 3430 1127 3493 tamen
1150 3432 1187 3491 ut

104 3548 257 3617 animum
285 3555 381 3616 tuum
408 3547 458 3624 tui
484 3546 606 3618 merito
632 3553 905 3642 contemptorem
926 3544 1185 3640 praeolarissimi

105 3670 253 3741 nominis
274 3670 336 3740 lux
356 3670 580 3761 praestringat
600 3669 774 3741 Vicarium
795 3681 828 3739 te
847 3668 981 3740 romani
999 3666 1107 3736 iactas
1122 3666 1186 3736 im-

104 3792 314 3883 periilcuius
328 3813 392 3863 nos
405 3800 441 3863 et
453 3789 575 3862 fideles
588 3793 737 3862 latemur
749 3802 785 3864 ct
797 3791 954 3863 Vicarios
966 3785 1184 3881 profitemur;

104 3926 140 3985 et
158 3935 279 3987 omues
299 3939 320 3987 a
340 3913 467 4009 quibus
487 3915 658 4007 originem
677 3915 848 3985 traximus
872 3910 1023 3982 maiores
1047 3920 1184 3981 nostros

105 4034 350 4111 devotissimos
385 4060 522 4132 semper
551 4062 592 4111 ac
618 4036 838 4109 fidelissimos
865 4033 1029 4106 extitisse
1053 4046 1184 4105 certum
