2834 5086
166 656 206 711 llll
508 668 549 717 DE
570 667 670 717 ssEllUS
692 667 913 718 annullamus

168 805 318 876 rioribus
339 808 513 877 exerceri:
534 805 702 879 cariorem
724 806 798 898 rogi
816 828 882 878 suo
898 827 1001 900 quem
1019 806 1244 899 gravioribus

168 927 291 1022 probat
309 931 572 1024 experimentis:
595 930 798 1021 languidum
819 929 927 1001 otium
948 929 1004 1001 his
1030 930 1182 1023 permitti
1208 932 1245 1003 in

165 1050 294 1143 quibas
316 1074 397 1145 spos
418 1052 559 1145 gloriosi
579 1052 710 1146 negotii
728 1054 822 1125 nulla
837 1055 896 1125 sit:
911 1076 989 1125 oum
1014 1054 1245 1147 prosperitate

168 1196 286 1267 pacem
309 1174 420 1247 'nobis
453 1176 666 1269 ambiguam,
701 1176 885 1248 honestum
918 1199 996 1247 eum
1030 1176 1246 1253 adversitate

166 1309 355 1372 certamen:
381 1323 487 1371 unum
513 1300 548 1369 in
573 1300 647 1370 vita
673 1298 801 1370 bonum
827 1321 924 1383 osse,
952 1300 1059 1370 unum
1094 1304 1244 1388 malum,

165 1423 297 1516 reliqua
335 1422 581 1505 indifferentia,
613 1432 648 1490 et
679 1441 762 1512 quae
796 1423 896 1513 sequi
930 1423 1064 1493 soleant
1088 1424 1244 1497 animum

165 1545 377 1638 possidentis
409 1544 624 1635 speciosam,
657 1542 719 1614 sed
749 1562 933 1615 onerosam
964 1546 1136 1617 sarcinam
1160 1567 1245 1619 esse
1278 1520 1285 1535 ’

164 1669 320 1749 divitias
342 1686 460 1737 errore
495 1664 609 1756 potius
639 1665 737 1756 vulgi
766 1687 870 1758 qaam
904 1666 1086 1739 doctorum
1115 1667 1244 1742 iudicio

165 1791 358 1883 pretiosas:
382 1786 599 1877 splendidam
621 1808 718 1873 esse,
742 1788 805 1860 sed
827 1811 971 1880 gravem
988 1811 1131 1863 araneam
1149 1803 1245 1865 cate·

165 1935 259 1984 nam:
281 1910 466 1981 onrincntis
484 1911 632 1981 lortunae
649 1909 1008 2006 gradumpraeoipitio
1025 1913 1241 2007 proximum:

165 2034 352 2102 humanam
369 2033 556 2124 potentiam
576 2033 621 2104 nil
640 2034 735 2105 aliud
751 2057 857 2128 quam
875 2038 1002 2108 claram
1021 2048 1245 2131 optatamque
1304 2107 1308 2115 .

167 2156 354 2238 miseriam;
373 2154 532 2226 sublimis
552 2155 635 2227 vite
653 2179 795 2229 cursum
821 2159 869 2229 nil
894 2159 989 2231 alind
1008 2181 1112 2253 quam
1139 2181 1246 2233 sono-

166 2307 240 2355 ram
257 2294 292 2355 et
309 2281 457 2353 incidam
485 2289 740 2372 tempestatem:
768 2284 816 2353 nil
844 2284 978 2354 exitum
1011 2283 1105 2356 aliud
1136 2306 1242 2377 quam

166 2408 317 2477 ruinam:
353 2426 422 2474 non
455 2389 570 2472 minus
601 2425 754 2496 pungere
780 2405 934 2494 gladium
959 2405 1059 2475 caius
1080 2411 1240 2502 capulum

168 2529 273 2620 iaspis
300 2528 465 2608 illustrat,
499 2546 614 2617 neque
646 2526 762 2594 minus
792 2525 966 2613 stringere
998 2525 1159 2614 laqueum
1187 2528 1244 2603 cui

165 2649 338 2740 pretiosus
370 2670 391 2719 e
423 2649 541 2723 serico¹
568 2648 682 2720 nodus
715 2656 787 2718 est.
819 2648 965 2740 patriam
997 2647 1074 2717 viro
1103 2666 1243 2717 omnem

166 2772 286 2843 mundi
306 2773 487 2863 angulum,
508 2770 650 2843 exilium
673 2792 846 2865 nusquam
868 2790 961 2853 esse,
984 2770 1051 2840 nisi
1070 2764 1163 2861 quod
1180 2765 1247 2837 im·

167 2895 331 2987 patientia
348 2896 481 2981 lecerit3
513 2917 594 2968 oum
616 2895 751 2967 inhiare
770 2893 975 2967 coelestibus
996 2913 1094 2964 mens
1114 2890 1247 2984 ceperit

168 3019 297 3112 abique
313 3021 360 3091 illi
373 3020 517 3093 exilium
535 3023 624 3103 lore,
643 3018 756 3091 donee
774 3018 973 3111 pervenerit
989 3035 1061 3109 quo
1075 3015 1243 3107 suspirat:

168 3144 359 3234 sapientem
394 3144 485 3216 bona
517 3164 581 3214 sua
620 3164 740 3213 seeum
774 3144 865 3211 ferre
898 3159 1118 3231 quocumque
1152 3136 1244 3219 ierit,

168 3263 253 3333 nihil
273 3264 320 3334 illi
342 3265 561 3354 naufragium
581 3263 718 3343 obesse,
738 3258 824 3330 nihil
843 3259 1040 3332 incendium
1066 3282 1131 3332 seu
1157 3261 1246 3355 rapi-

169 3407 262 3456 nam:
281 3405 356 3455 eam
378 3407 459 3477 quae
481 3393 667 3478 paupertas
685 3382 824 3467 dicitur,
844 3385 1004 3454 levamen
1025 3405 1106 3455 esse
1127 3385 1248 3456 solitu-

169 3509 288 3581 dinum
311 3518 416 3599 atque
433 3507 686 3578 discriminum:
709 3504 743 3575 id
761 3504 854 3598 quod
876 3505 1021 3577 exilium
1043 3517 1178 3592 vocant,
1193 3508 1248 3581 iu·

170 3655 250 3721 gam
266 3630 566 3701 innumerabilium
581 3639 914 3700 curarumzmortem
928 3629 1028 3701 bonis
1041 3642 1076 3702 et
1089 3629 1246 3709 laborum

172 3752 273 3825 imum
293 3764 329 3825 et
348 3752 558 3825 felicissimae
578 3752 703 3845 quietis
730 3752 874 3823 initium.
901 3754 993 3823 Mille
1020 3763 1101 3825 sunt
1125 3751 1249 3823 buius·

172 3875 265 3947 modi
283 3886 319 3947 et
338 3898 473 3967 magna,
489 3876 569 3946 licet
581 3896 627 3946 ex
645 3883 742 3968 parto
755 3876 862 3967 vulgo
875 3874 1090 3947 incredibilia
1103 3874 1248 3945 videan-

173 4012 245 4081 tur,
273 3999 508 4071 interducias
536 4011 650 4070 tamen
682 4008 787 4092 atque
815 4011 979 4092 expertos
1011 3996 1096 4068 nihil
1115 3997 1246 4081 verius,

173 4123 476 4194 nilrilestecrtius.
500 4124 588 4207 Quae
609 4124 772 4214 quoniam
795 4144 1026 4215 supervacue,
1051 4122 1116 4192 nisi
1137 4122 1246 4206 fallor,

174 4246 408 4318 auribustuis
439 4248 620 4330 inculcem,
649 4248 694 4319 ad
720 4248 784 4319 alia
807 4248 966 4340 protinus
992 4245 1108 4316 stilum
1135 4245 1247 4316 liceto.

175 4370 292 4443 Sentio
325 4383 356 4442 te
390 4371 663 4463 persecutionem
698 4372 767 4465 pati
797 4381 939 4463 propter
973 4390 1086 4439 meum
1109 4388 1246 4439 nomen.

177 4496 276 4583 Quod
300 4497 332 4566 in
353 4520 409 4567 me
426 4519 494 4567 non
515 4496 655 4575 audent,
678 4493 710 4562 in
731 4505 763 4564 tc
783 4490 928 4561 lividam
946 4491 1042 4562 virus
1056 4491 1246 4564 otlandunt.
