2670 4688
310 108 402 156 traua
423 108 745 167 vtussrausouaarus.
758 111 961 161 -umsrouu
984 113 1025 161 ru.
1147 103 1206 162 arti»

125 256 258 327 videre.
286 256 406 348 ltaque
432 256 566 347 pridem
592 276 732 327 coronat
756 256 883 328 iudicio
908 259 991 331 victi
1017 260 1113 333 estis.
1137 261 1206 329 Vos

127 387 242 449 tamen
263 379 391 448 frustra
411 378 556 448 nitimini
576 390 612 450 et
631 365 887 462 obstatis,’nec
912 402 1037 451 verum
1061 405 1205 453 cernere

127 500 250 570 interni
271 501 412 571 luminis
432 510 546 572 tumor
567 501 669 571 sinit:
693 501 809 592 magui
830 503 940 572 fateor
960 502 1027 571 viri
1049 504 1076 572 si
1098 504 1206 575 maio-

125 643 198 692 rem
221 622 290 714 pati
311 624 473 715 possetis.
496 623 710 693 Athamana
732 621 909 717 superbia,
932 623 1015 694 dum
1039 645 1143 717 supra
1169 626 1204 695 id

124 744 219 835 quod
241 752 295 813 est
314 741 533 835 opinionibus
553 742 650 813 salsis
671 744 849 825 attollitur,
869 745 958 813 infra
971 743 1007 813 id
1018 743 1112 835 quod
1125 767 1205 814 esse

125 876 262 955 poterat
281 885 366 934 vero
385 863 513 935 iudicio
533 865 666 938 deiecta
685 865 864 957 redigitur.
891 865 1053 958 Plerique
1080 878 1205 936 morta-

125 987 208 1055 lium
231 986 354 1056 alienae
377 985 498 1076 gloriae
514 988 667 1081 appetitu
689 988 863 1081 propriam
886 987 1047 1058 amisere.
1062 986 1164 1071 Quod
1178 989 1205 1056 si

125 1127 191 1176 vos
213 1106 282 1176 huc
302 1108 388 1179 sorte
409 1108 497 1180 livor
525 1107 673 1200 impulit,
694 1107 868 1201 quamvis·
889 1107 1072 1200 utrobique
1093 1119 1128 1177 et
1155 1119 1206 1178 tu-

126 1231 232 1298 moris
252 1239 287 1300 et
308 1230 426 1301 livoris
447 1231 546 1301 multi
561 1231 631 1301 siut
649 1231 807 1314 comites,
825 1250 869 1301 eo
883 1241 999 1303 tamen
1019 1229 1055 1302 id
1075 1231 1206 1322 aegrius

126 1350 159 1419 in
182 1363 215 1423 te
235 1353 308 1423 lero
327 1373 397 1444 quo
417 1352 452 1423 in
486 1353 593 1424 Calvo
626 1353 779 1446 aliquam
813 1362 908 1424 certe
940 1375 1007 1425 uec
1038 1352 1205 1444 exiguam

125 1494 192 1542 uon
215 1474 334 1544 livoris
356 1473 420 1545 sed
437 1473 519 1557 odii,
540 1476 575 1543 iu
597 1484 629 1545 te
649 1476 779 1544 nullam
800 1474 868 1546 odii
891 1496 1033 1546 causam
1056 1477 1143 1558 scia,
1172 1488 1207 1546 et

123 1595 299 1687 aliquanto
320 1596 404 1666 mibi
424 1597 568 1687 quidem
589 1595 765 1687 indignius
785 1594 925 1666 videtur
946 1595 979 1666 in
1001 1605 1070 1667 tam
1096 1599 1204 1666 altum

124 1715 298 1805 ingenium
331 1716 427 1788 humi
458 1739 600 1811 serpere
618 1719 755 1791 solitam
776 1718 942 1790 invidiam
965 1719 1202 1791 adscendisse.

122 1836 314 1909 Aeternum
335 1842 428 1924 vale,
449 1851 485 1911 et
510 1862 557 1913 ex
574 1840 685 1911 Graiis
710 1842 907 1923 Isocratem,
931 1841 1200 1912 Demosthenem

123 1967 158 2028 et
178 1959 401 2046 Aeschinem,
422 1984 469 2035 ex
486 1962 617 2034 nostris
638 1962 833 2034 oratoribus
855 1963 1022 2034 Crassum
1042 1973 1079 2033 et
1096 1962 1206 2034 Anto·

122 2078 222 2148 nium
251 2083 387 2152 salvere
419 2081 512 2165 iube,
548 2084 734 2155 Corvinum
769 2104 910 2176 quoque
941 2083 1139 2166 Messalam,
1170 2093 1207 2152 et

124 2201 365 2282 Hortensium,
385 2204 415 2271 si
436 2203 540 2273 modo
561 2205 607 2273 illi
629 2206 794 2275 memoria
815 2227 921 2296 quam
947 2205 1086 2276 biennio
1107 2216 1204 2275 ante-

126 2342 231 2410 quam
254 2322 334 2391 hinc
359 2323 526 2410 migrarat
547 2323 727 2405 amiserat,
761 2327 878 2394 carnis
909 2326 1002 2396 fasce
1034 2325 1202 2418 deposito,

126 2441 297 2523 restituta,
313 2441 394 2510 huic
411 2441 509 2514 alteri
527 2464 597 2513 uon
613 2455 732 2537 erepta
749 2453 813 2515 est.
828 2444 1013 2517 Mediolani
1030 2447 1062 2515 in
1079 2445 1204 2515 subur-

123 2560 189 2643 bio,
211 2562 375 2634 Kalendis
397 2563 589 2636 Sextilibus
611 2585 703 2637 anno
723 2564 838 2637 aetatis
853 2566 1000 2650 ultimas,
1022 2565 1204 2636 millesimo

124 2686 367 2758 tercentesimo
387 2687 679 2780 quinquagesimo
700 2689 809 2759 tertio.

625 2899 701 2909 ——-.

548 3089 724 3153 EPlSTOLA
747 3089 778 3150 x.

242 3236 435 3285 rnruurscus
456 3237 628 3287 acuatacu-
646 3239 787 3287 ironiam
808 3239 932 3288 anucco
953 3242 978 3288 s.
1001 3243 1028 3289 n.
1053 3243 1081 3288 n.

193 3377 228 3426 Sc
244 3378 354 3442 captum
370 3371 550 3427 admiratione
565 3375 720 3429 carminum
735 3370 930 3447 eius'quorum
948 3394 980 3430 cx
996 3376 1131 3430 industria

403 3460 540 3530 poeticam
554 3461 639 3515 veluti
654 3462 774 3532 syllcgca
788 3463 916 3517 contexit.
1083 3448 1089 3455 ’

194 3682 322 3772 Regem
346 3691 379 3750 ta
400 3679 514 3775 Lyrici
537 3679 700 3750 carminis
722 3680 827 3750 ltalus

267 3801 370 3873 Orbis
392 3823 497 3895 quem
519 3811 705 3883 memorat,
726 3804 927 3894 plectraque
949 3802 1054 3874 lesbia

266 3925 391 3996 Nervis
414 3927 470 3996 cui
493 3922 611 3995 tribuit
632 3923 733 3996 Musa
753 3923 974 4005 sonantibus,
