2670 4688
184 312 243 373 loo
524 324 565 372 nu
587 324 687 374 liunus
708 322 932 372 rnururanmus

181 466 346 560 quoniam
368 487 431 538 seu
449 467 600 537 Fortuna
624 488 686 538 seu
712 466 802 538 alius
827 467 954 536 luisset
980 464 1079 556 regni
1105 467 1274 559 largitor,

183 589 313 660 licitum
339 588 407 660 sibi
431 610 500 659 nou
527 597 661 662 tantum
686 588 780 680 quod
812 586 968 659 dedisset
1000 597 1173 674 atterere,
1210 591 1277 662 sed

182 714 340 797 auferre:
361 710 557 782 habendam
579 722 695 782 tamma
717 730 814 804 spem
837 709 870 780 in
889 710 950 780 lllo
962 730 1145 804 perquem
1164 730 1275 803 reges

182 844 342 925 regnant,
364 833 424 927 qui
452 856 536 905 suos
563 856 632 905 non
667 831 832 904 interimit
858 831 922 903 sed
947 824 1114 921 castigat,
1142 843 1181 904 et
1205 852 1275 927 pro

180 956 346 1048 qualitate
367 969 565 1028 nostrarum
585 954 832 1047 aegritudinum
859 975 956 1047 saepe
981 954 1144 1025 fortassis
1169 975 1271 1027 ama·

183 1080 282 1163 rius„
295 1103 471 1174 nunquam
494 1099 580 1148 vero
599 1079 665 1148 nisi
688 1078 742 1170 pie
762 1099 804 1148 ac
824 1075 1009 1148 salubriter
1028 1097 1091 1146 uos
1109 1088 1268 1151 exercet.

182 1201 356 1273 Caeterum
390 1211 465 1273 orta
493 1199 572 1270 hinc
596 1201 733 1270 occasio
758 1200 857 1290 regio
881 1210 957 1270 erat
981 1198 1201 1270 adolescenti
1232 1214 1271 1272 ut

181 1323 239 1394 die
262 1325 365 1407 iusto,
392 1344 462 1412 quo
488 1343 566 1392 cunr
592 1322 735 1411 collegis
763 1322 851 1392 meis
879 1321 1046 1392 invitatus
1071 1320 1118 1391 ad
1145 1325 1271 1395 couvi-

181 1445 277 1515 vium
301 1445 395 1534 regis
416 1464 527 1526 eram,
555 1452 590 1512 tu
614 1443 688 1535 ipse
716 1465 793 1514 cum
816 1442 1027 1536 quibusdam
1059 1443 1269 1515 clarissimis

183 1566 268 1635 viris
289 1575 394 1657 alque
416 1563 630 1636 doctissimis
657 1564 793 1637 adhoc
819 1588 909 1658 opus
936 1565 1075 1649 electis,
1102 1586 1162 1636 me
1189 1579 1270 1660 post

184 1686 317 1779 prandii
336 1684 439 1757 linem
453 1688 573 1760 verbis
589 1687 880 1779 aggrederemini,
897 1700 935 1759 ut
947 1688 992 1759 de
1009 1688 1075 1758 hac
1087 1687 1171 1780 ipsa
1183 1689 1270 1763 For-

183 1821 266 1880 tuna
285 1808 437 1881 dicerem
459 1811 544 1902 quid
565 1812 741 1882 sentirem.
764 1811 866 1895 Quod
886 1832 964 1882 cum
987 1809 1070 1879 milri
1092 1830 1179 1883 sera
1199 1813 1268 1884 iam

183 1942 283 2003 nocte
307 1930 502 2002 nuntiatum
524 1942 620 2003 esset
639 1954 702 2026 per
720 1931 893 2004 hominem
916 1932 1018 2002 laurae
1042 1933 1195 2003 anxium
1214 1954 1270 2005 so

183 2054 381 2144 licitumque
400 2073 505 2139 meae,
524 2054 688 2147 quamuis
709 2065 744 2124 ct
764 2053 991 2146 indispositus
1012 2052 1057 2124 ad
1079 2054 1174 2126 hanc
1195 2078 1269 2128 rem

117 2192 118 2195 ’
182 2184 218 2246 et
243 2176 347 2264 longe
374 2174 450 2245 aliis
478 2175 680 2266 implicitus,
707 2177 788 2267 quia
815 2185 930 2247 tamen
956 2197 1026 2246 non
1052 2178 1082 2248 is
1106 2190 1189 2251 erat
1212 2182 1269 2254 cui

182 2296 280 2367 facile
301 2308 420 2388 posset
439 2295 589 2384 obstari,
610 2320 656 2369 ne
676 2296 865 2391 improvisa
886 2311 922 2368 et
942 2299 1057 2369 subita
1078 2321 1118 2370 re
1147 2302 1273 2377 turba-

184 2441 253 2501 rer,
277 2420 438 2512 recollegi
458 2421 612 2492 animum
633 2432 801 2514 quantum
821 2443 900 2491 curn
920 2429 970 2493 tot
985 2422 1080 2492 curis
1093 2421 1173 2495 siue
1190 2428 1272 2498 ullis

181 2538 279 2612 libris
302 2543 414 2634 potui,
450 2553 488 2613 ut
515 2546 576 2636 qui
607 2565 677 2617 uno
709 2543 820 2615 verbo
852 2543 1020 2638 expedire
1055 2550 1272 2621 senteutiam

183 2676 295 2727 meam
317 2682 475 2753 possem:
503 2663 649 2733 credere
675 2683 732 2734 me
757 2661 887 2731 scilicet
911 2671 948 2731 et
979 2682 1120 2754 semper
1151 2666 1272 2738 credi·

182 2775 278 2847 disse
299 2779 513 2866 dicentibus,
540 2784 587 2852 nil
620 2783 763 2854 omnino
796 2779 892 2850 aliud
923 2804 1028 2872 quam
1064 2783 1201 2857 nudum
1235 2799 1273 2861 et

182 2898 284 2969 inane
305 2919 432 2970 nomen
452 2924 534 2973 esse
551 2904 755 2983 Fortunam,
778 2903 918 2972 tametsi
938 2901 972 2973 in
994 2908 1172 2978 communi
1193 2930 1272 2983 ser-

182 3043 285 3093 mone
305 3024 468 3114 populum
491 3025 608 3116 sequi,
630 3034 667 3095 et
686 3010 783 3115 saepe
803 3024 990 3097 Fortunam
1009 3028 1193 3105 nominare
1212 3054 1272 3105 so·

183 3146 264 3217 litus
290 3143 476 3217 coloratius
503 3145 633 3236 aliquid
653 3145 790 3229 diceus,
812 3167 857 3216 ne
876 3167 953 3232 eos,
975 3150 1036 3241 qui
1052 3149 1143 3220 illam
1158 3138 1269 3228 Deam

185 3289 244 3338 seu
272 3289 389 3338 rerum
406 3264 637 3337 humanarum
663 3267 839 3338 dominam
865 3271 1051 3361 opinantur
1076 3283 1184 3365 atque
1209 3300 1272 3351 as-

185 3403 320 3473 serunt,
348 3388 450 3459 nimis
477 3389 701 3461 offenderem.
721 3390 886 3481 Sequenti
908 3406 1024 3464 aulem
1045 3394 1119 3479 die,
1147 3408 1189 3468 ut
1214 3403 1272 3472 vi-

183 3513 279 3597 disti,
303 3532 386 3602 rcge
405 3514 549 3582 multum
569 3510 602 3580 in
622 3511 750 3582 nostris
768 3533 831 3581 seu
845 3514 964 3584 verius
983 3517 1056 3587 suis
1071 3517 1270 3595 honoribus

184 3647 364 3728 occupato,
388 3636 482 3706 Duce
503 3632 666 3726 quamvis
687 3631 720 3702 in
743 3632 777 3703 id
799 3655 905 3704 unum
926 3639 1021 3726 quod
1046 3639 1191 3731 optabat
1214 3645 1271 3715 iu-

185 3763 293 3836 tcnto,
317 3778 508 3850 regemque
528 3777 621 3826 nunc
640 3755 750 3825 verbo
770 3776 862 3824 nunc
881 3758 1023 3828 nutibus
1044 3761 1269 3854 admonente,

186 3872 270 3941 lrora
288 3873 334 3943 illi
348 3890 468 3949 nostro
480 3878 652 3949 destinata
665 3875 837 3966 colloquio
851 3876 884 3943 in
899 3878 976 3946 aliis
990 3891 1045 3950 cst
1057 3884 1270 3980 absumpta:

185 4006 219 4065 et
238 4014 308 4084 ego
326 3997 558 4087 respondendi
579 4021 683 4072 onere
705 3994 870 4070 liberatus
890 3997 975 4078 abii,
996 4012 1033 4071 ut
1050 4005 1151 4077 laetus
1169 4014 1272 4100 quod

185 4130 302 4188 contra
320 4117 493 4210 publicam
516 4126 721 4199 sententiam
739 4124 774 4195 in
791 4123 931 4214 prrlrlico
950 4124 1043 4213 loqui
1059 4151 1128 4201 non
1147 4150 1270 4206 essem
