2670 4688
511 303 665 384 xrrsrptr
687 304 749 353 xxi.
1113 287 1171 350 353

95 449 273 542 dispersas
291 449 520 543 plurimisque
532 449 600 519 iam
621 446 747 518 diebus
769 446 1030 539 peregrinantes
1050 444 1096 516 ab
1116 444 1171 513 his

95 571 224 641 laribus
245 572 378 654 Musas,
405 572 472 641 etsi
494 591 589 663 saepe
616 568 770 662 receptui
795 566 999 653 cecinerim,
1025 587 1171 658 congre-

94 715 178 783 gare
191 715 259 762 non
274 693 379 786 potui.
398 693 522 764 Pareat·
540 692 647 783 igitur
668 689 846 761 urbanitas
864 700 993 772 vestra,
1010 691 1067 760 cui
1086 709 1173 781 qua-

94 814 289 906 liacumque
309 813 354 884 de
379 812 562 886 arboribus
589 814 676 884 rucis
701 833 804 906 poma
837 813 954 883 furtim
988 812 1075 883 lecta
1108 833 1173 906 pro

93 946 262 1028 tempore,
284 935 469 1007 rusticanis
491 934 645 1008 vasculis
665 934 867 1008 offeruntur.
895 934 1017 1007 Valere
1038 953 1104 1005 vos
1122 933 1172 1004 le-

93 1058 204 1128 liciter
223 1057 335 1151 cupio.

597 1268 675 1278 -..-

492 1501 667 1567 epistota
690 1503 768 1565 llllll.

172 1673 364 1724 rnlncrscus
385 1670 554 1721 rxrnrnct
574 1639 723 1722 ametro
745 1670 943 1721 susannensr
964 1670 989 1720 s.
1012 1671 1040 1720 r.
1063 1671 1092 1719 n.

92 1822 231 1878 Absentiae
245 1822 369 1876 dolorem
384 1819 529 1876 scribendo
546 1820 636 1875 leniri.
653 1819 778 1875 Nimium
793 1820 889 1875 abillo
908 1837 938 1875 se
954 1819 1072 1888 laudari,
1088 1819 1171 1875 nimis

178 1908 242 1978 plus
256 1924 336 1979 aequo
349 1907 409 1962 lieri
423 1907 526 1980 scripta
539 1924 604 1976 sua,
620 1907 721 1980 quibus
736 1908 860 1980 undique
876 1907 1039 1978 colligendis
1057 1921 1171 1977 operam

182 1996 273 2050 dabat.

190 2262 362 2335 lnvirlisse
386 2263 573 2335 Fortunam
607 2271 738 2335 nostrae
757 2262 918 2335 amicitiae
943 2262 1171 2345 crediderim

93 2384 140 2454 ita
156 2405 221 2455 uos
234 2383 399 2455 distraxit
415 2383 613 2467 acdissuit,
638 2386 751 2456 utrix
772 2385 837 2457 hoc
863 2386 979 2480 ipsum
1004 2406 1173 2459 commer-

92 2505 184 2575 cium
206 2505 411 2587 litterarum,
442 2515 640 2576 extremum
659 2507 814 2575 solamen
835 2505 1019 2590 absentiae,
1047 2507 1093 2577 sit
1118 2527 1174 2576 re·

95 2627 222 2695 lictum.
250 2624 313 2694 Ubi
338 2625 445 2707 enim,
475 2634 513 2695 ut
534 2625 730 2708 sitacium,
758 2624 833 2709 ubi,
856 2627 1013 2719 iuquam,
1037 2627 1174 2697 nuncii?

94 2746 159 2817 Ubi
180 2745 293 2818 fides?
324 2746 422 2838 Piget
454 2758 641 2839 occupatos
675 2769 715 2818 ac
748 2747 909 2819 defessos
935 2749 1000 2819 hos
1027 2747 1172 2840 digitos,

95 2880 225 2942 tantum
243 2869 398 2962 quotidie
419 2871 612 2941 litterarum
635 2870 791 2962 perdere.
813 2871 864 2941 Tu
884 2871 981 2954 mihi,
1003 2893 1084 2943 nam
1101 2891 1176 2942 me·

95 2992 195 3075 mini,
221 3004 362 3084 pontem
389 2993 638 3086 nescioquem
664 2991 796 3065 dudum
834 2994 1045 3066 traiiciendis
1070 2993 1174 3066 animi

95 3114 319 3209 conceptibus
349 3117 524 3186 struxisse
555 3113 741 3199 videbare,
781 3124 817 3186 et
849 3127 1064 3188 monstrasse
1089 3115 1172 3198 iter,

94 3259 174 3329 quo,
197 3238 331 3330 siquid
351 3239 491 3307 omnino
508 3238 728 3309 familiarium
743 3258 915 3329 nugarum
936 3236 1111 3320 haberem,
1130 3235 1175 3307 ad

96 3372 130 3431 te
166 3360 264 3430 facile
291 3359 477 3431 mitterem.
504 3359 637 3454 Nempe
662 3380 750 3452 pons
777 3360 833 3429 ille
860 3359 964 3441 illico,
997 3380 1068 3450 quo
1095 3379 1174 3428 uam
1279 3376 1281 3380 ·

96 3492 295 3555 terraemotu
318 3502 381 3550 seu
397 3479 525 3573 quibus
550 3480 720 3552 imbribus
750 3480 940 3564 incertum,
975 3480 1021 3550 ita
1046 3478 1177 3550 corruit

96 3617 134 3677 ut
154 3626 196 3674 uc
216 3602 404 3694 vestigium
423 3612 573 3675 extaret.
599 3603 716 3695 ltaque
737 3604 804 3674 iam
835 3601 1025 3694 desperare
1061 3619 1177 3694 crepe

95 3748 167 3797 ram
202 3744 307 3819 posse
343 3742 445 3793 curas
484 3742 598 3805 meaS,
624 3722 691 3791 uisi
719 3722 800 3794 data
839 3742 945 3815 opera
977 3720 1097 3792 missis
1131 3719 1176 3792 ad

98 3857 130 3918 le
150 3846 293 3928 nunciis
316 3843 508 3938 pervenire.
530 3843 580 3914 Eo
611 3865 704 3913 nunc
725 3841 889 3913 libentius
914 3854 950 3913 et
975 3842 1177 3934 religiosum

96 3967 189 4040 hunc
208 3969 321 4040 virum
342 3977 379 4038 et
397 3988 503 4060 quam
524 3965 602 4035 sinu
622 3965 749 4034 extulit.
769 3964 951 4057 epistolam
970 3975 1064 4036 tuam
1086 3964 1175 4037 vidi:

97 4090 245 4161 restituit
261 4091 352 4161 enim
373 4111 469 4182 speru
492 4088 621 4160 vetusti
650 4086 756 4158 moris
783 4087 989 4172 renovandi,
1015 4109 1085 4182 quo
1111 4087 1177 4159 sci-

221 4218 255 4257 tu
992 4207 1023 4258 23
