2834 5086
171 741 230 803 ott
305 776 312 795 ·
515 752 673 800 rursunrx
694 752 909 801 nrrrnnxnurr.

171 893 320 964 cessitas
346 889 558 984 requirebat,
586 903 622 962 et
648 892 751 963 timeo
783 913 826 961 ne
858 891 923 960 sim
955 891 1113 961 onustior
1141 914 1247 983 quarn

172 1024 318 1109 oportet.
342 1015 451 1084 Decet
475 1012 676 1107 expeditum
709 1032 789 1082 esse
821 1010 987 1102 impedito
1020 1013 1143 1084 itinere
1168 1036 1248 1104 gra-

171 1137 336 1208 dientem.
371 1134 464 1219 Quid
496 1136 603 1228 igitur
635 1157 725 1206 nunc
756 1133 859 1204 etiam
886 1133 1027 1206 inutiles
1054 1137 1246 1207 sarcinulas

171 1259 388 1352 cogitamus?
405 1259 592 1350 Eleganter
611 1257 658 1327 ait
677 1257 842 1326 Flaccus:

748 1453 823 1516 Vitae
839 1471 960 1518 summa
980 1458 1087 1519 brevis

332 1556 423 1634 Spem
440 1570 495 1615 nos
512 1555 592 1613 vetet
608 1548 750 1611 inchoare
767 1551 897 1629 longam.

173 1751 222 1824 lte
244 1761 320 1834 est;
342 1772 410 1823 non
430 1747 576 1823 follitum
599 1742 684 1814 nihil
710 1755 764 1814 est
793 1743 923 1816 verius.
950 1747 1027 1816 Etsi
1047 1748 1141 1819 enim
1161 1749 1245 1820 vitae

172 1877 278 1948 huius
300 1870 583 1965 angustiasque
617 1886 805 1957 possumus
838 1867 955 1949 modo,
977 1879 1119 1938 actatum
1154 1869 1247 1940 scili-

173 2013 229 2073 cet
257 2014 402 2092 operosa
435 1984 653 2060 distinctione
680 1990 853 2070 laxemus,
886 1999 922 2058 ct
951 1990 985 2058 in
1011 1990 1247 2080 quantaslibet
1336 2008 1341 2015 ·

174 2120 335 2192 minutias
363 2110 572 2189 dividamus
607 2102 715 2179 reduc
753 2118 868 2180 tamen
906 2110 940 2179 in
980 2132 1083 2181 unam
1122 2122 1246 2183 cuncta

174 2243 387 2334 congeriem,
408 2243 443 2303 et
462 2229 636 2300 curiosius
671 2230 782 2302 scissa
808 2230 1064 2323 redintegrans,
1091 2254 1113 2302 a
1134 2235 1245 2326 primo

173 2366 217 2438 ad
255 2360 406 2433 ultimum
446 2352 609 2444 quamvis
643 2354 856 2444 longissimae
888 2357 974 2426 vitae
1009 2356 1101 2427 diem
1135 2365 1243 2427 totum

172 2485 273 2557 simul
307 2486 420 2548 mente
452 2476 704 2565 complectere:
737 2475 900 2547 fateberis
932 2498 1105 2548 summam
1141 2477 1243 2549 huius

171 2595 376 2696 rapidissimi
405 2596 570 2688 temporis
591 2618 672 2668 esse
694 2596 948 2668 brevissimam.
976 2598 1088 2669 Huius
1115 2597 1242 2687 ipsius,

169 2725 197 2795 si
242 2729 335 2791 retro
382 2717 583 2811 circumque
626 2720 843 2812 respicimus,
887 2719 977 2791 bona
1018 2741 1100 2810 pars
1141 2719 1242 2790 nobis

165 2851 289 2916 exacta
308 2848 373 2909 est.
397 2840 608 2932 Colligamus
631 2863 693 2913 nos
715 2843 821 2933 igitur
841 2840 885 2913 od
903 2852 1064 2914 extrema
1088 2842 1240 2924 viarum,

165 2959 330 3057 qnodque
355 2983 424 3032 non
457 2962 657 3054 ambigitur,
690 2964 848 3047 duriora,
880 2962 1096 3055 abiectisque
1121 2984 1243 3055 super-

166 3082 302 3162 vacuis
337 3085 535 3154 neccssaria
569 3096 760 3156 teneamus.
799 3085 891 3168 Quid
923 3086 1243 3178 procrastinamus?

165 3201 248 3296 quid
269 3201 482 3274 differimus?
504 3206 586 3275 Dies
607 3206 710 3289 diem,
736 3206 866 3277 mensis
887 3229 1042 3277 mensem
1070 3206 1239 3298 sequitur,

324 3399 421 3475 litque
440 3399 469 3459 in
488 3414 520 3459 sc
537 3413 592 3458 sua
609 3412 663 3475 por
680 3396 808 3472 vestigia
825 3396 964 3458 volvitur
981 3413 1095 3471 annus,

166 3579 203 3640 ut
226 3567 391 3657 praeclare
412 3565 459 3636 ait
480 3567 597 3635 Maro:
624 3565 887 3660 desinendoque
913 3570 1068 3661 reincipit
1093 3581 1128 3639 et
1152 3593 1241 3640 nun·

162 3709 267 3783 qnam
295 3686 344 3756 sic
371 3674 498 3757 desinit
522 3699 557 3758 ut
581 3688 749 3780 quiescat.
780 3691 866 3772 Quis
900 3691 1005 3781 igitur
1031 3691 1241 3783 expectandi

164 3808 309 3882 modus‘?
339 3808 409 3879 Aut
434 3809 512 3901 quis
539 3810 643 3880 finis?
664 3812 777 3881 Canos
798 3813 864 3882 iam
887 3814 1030 3883 comites
1053 3815 1240 3884 senectutis

161 3944 197 4008 et
216 3931 357 4002 nuntios
385 3934 505 4003 mortis
537 3932 752 4025 aspeximus.
774 3932 866 4015 Quid
887 3936 1034 4027 amplius
1061 3938 1241 4027 praestola-

164 4058 264 4131 mur‘?
298 4054 420 4125 Anut
449 4055 538 4125 oculi
574 4055 670 4126 senio
703 4056 865 4146 caligent,
895 4066 1044 4127 tremant
1077 4057 1237 4148 poplites,

165 4196 261 4271 terga
299 4181 511 4248 curventur?
545 4179 716 4259 Primum,
755 4178 834 4269 quis
873 4177 1137 4250 mathematicus
1170 4187 1239 4245 tam

165 4312 278 4395 longao
296 4297 395 4369 nobis
419 4319 569 4391 sponsor
588 4309 642 4369 est
664 4300 768 4369 vitae'l
788 4299 897 4369 Esto:
921 4299 966 4369 sit
985 4299 1168 4382 Petosiris,
1196 4296 1241 4369 sit

168 4432 358 4521 Necepsos,
382 4422 427 4492 sit
447 4421 605 4513 Nigidius
630 4444 674 4491 ex
708 4422 850 4505 nostris,
874 4420 920 4491 sit
944 4420 1074 4488 veritas
1099 4420 1239 4491 demum

171 4560 263 4655 ipsa:
281 4556 412 4639 quanta
437 4553 552 4614 tamen
572 4545 722 4614 amentia
739 4552 794 4614 est
813 4540 909 4631 qnod
929 4537 1032 4610 iustis
1057 4541 1091 4608 in
1117 4540 1239 4630 spatiis
