2670 4688
504 300 655 350 errorem
677 301 772 349 xuxrr.
1109 282 1168 343 :³83

98 448 176 518 mali
200 467 321 539 genus.
347 445 433 530 Quis
459 446 551 516 enim
578 466 645 514 non
668 442 852 535 aliquando
873 441 981 512 lilium
1003 439 1165 534 perdidit,

97 571 163 642 nisi
183 571 243 664 qui
263 573 395 642 nullum
416 567 563 641 habuit?
583 569 663 641 llari
684 581 766 640 sunt
786 566 913 660 quibus
934 567 1069 654 lortunp
1089 585 1168 658 pro·

96 696 164 767 lem
182 694 326 776 dederit,
348 715 412 765 nec
431 692 560 764 donum
576 714 676 764 suum
692 690 908 763 delibaverit.
929 689 1095 782 Rapinam
1116 685 1168 756 di‘-

96 819 224 902 cimus;
242 819 401 912 primitiae
419 826 510 889 sunt.
525 816 650 887 Amisit
666 817 795 887 Paulus
812 824 929 887 noster
946 810 1067 883 filium.
1080 811 1167 884 Rem

97 965 164 1014 non
192 941 365 1013 insolitam
398 961 530 1011 narras.
565 939 610 1010 Et
640 938 728 1009 alius
761 938 889 1009 Paulus
921 933 1011 1008 filios
1042 932 1167 1005 amisit.

97 1062 361 1135 Hannibalensis
390 1085 494 1135 unum
517 1060 681 1157 perdidit,
709 1060 954 1133 Macedonicus
980 1057 1079 1130 dnos.
1102 1054 1168 1126 Alii

97 1187 229 1277 plures,
256 1166 397 1278 quidam
423 1204 559 1270 omneS,
591 1206 697 1255 unum
727 1184 794 1254 iste
824 1180 983 1274 perdidit.
1010 1180 1168 1251 Priamus

99 1328 188 1377 unus
212 1330 258 1377 ex
286 1318 378 1379 tanta
404 1318 563 1378 natorum
589 1306 662 1378 acie
687 1304 866 1399 superfuit.
890 1303 959 1375 Sed
984 1302 1039 1375 hic
1065 1321 1166 1372 suum

97 1430 188 1500 lerro
208 1429 333 1501 amisit.
348 1430 438 1512 Quid
457 1431 562 1500 refert
577 1449 621 1499 an
639 1430 746 1515 ferro,
765 1449 809 1499 an
827 1425 1001 1512 incendio,
1020 1447 1065 1497 an
1082 1446 1168 1497 nau·

95 1549 219 1642 tragio,
241 1573 285 1621 an
310 1550 480 1636 febribus
503 1574 546 1624 an
566 1553 728 1622 veneno‘l
748 1572 840 1621 mors
864 1558 980 1621 autem
1007 1570 1075 1620 una
1100 1556 1166 1618 est.

98 1672 166 1744 Sed
188 1674 263 1746 haec
289 1675 450 1746 iuvenem
477 1674 629 1747 abstulit.
655 1675 742 1746 Scio.
769 1674 856 1746 Nam
885 1672 1001 1745 adhuc
1031 1670 1169 1742 iuvenis

96 1809 194 1891 pater
210 1809 294 1869 erat.
313 1798 480 1880 Quaenam
500 1820 585 1870 vero
602 1799 682 1870 hinc
703 1799 786 1870 tanti
804 1796 935 1870 doloris
957 1815 1063 1867 causa
1082 1793 1169 1865 luit?

98 1919 151 1988 An
177 1919 357 2010 ignorabat
380 1920 503 1991 doctus
529 1919 634 1992 homo
662 1932 698 1992 et
726 1920 880 2013 prudens
911 1921 1028 2015 plures
1061 1917 1168 1988 multo

98 2042 244 2114 iuvenes
267 2043 354 2114 mori
375 2045 503 2129 solere,
524 2065 630 2134 quam
652 2065 755 2115 senes
780 2053 816 2114 et
841 2053 879 2140 pt
898 2044 1004 2134 vulgo
1025 2037 1166 2124 dicitur',

96 2165 214 2257 plures
235 2162 355 2235 haedos
377 2165 490 2258 perire
507 2186 611 2258 quam
630 2169 778 2262 capras?
794 2163 942 2237 Humani
959 2162 1096 2257 generis
1118 2163 1168 2232 in-

64 2293 69 2301 '
96 2294 308 2357 crementum
334 2300 427 2359 terra
455 2310 524 2360 non
554 2297 707 2380 caperet,
738 2289 768 2360 si
794 2309 915 2360 omnes
946 2295 1170 2359 senescerent

97 2411 157 2501 qui
177 2422 375 2481 nascuntur.
398 2409 488 2493 Quid
514 2413 617 2502 igitur
643 2415 775 2504 ploras,
801 2412 892 2482 dicet
916 2411 1057 2503 aliquiS,
1079 2410 1165 2480 nihil

98 2528 211 2600 adhuc
231 2530 313 2599 novi
334 2530 446 2602 audio.
470 2530 733 2604 Adolescenlom
760 2534 793 2604 in
819 2533 938 2625 praelio
958 2541 1167 2625 pugnantem

99 2649 133 2719 in
155 2651 275 2746 praelio
294 2651 487 2724 cecidisse?
506 2654 682 2726 Eveniunt
701 2655 768 2725 ista
788 2652 954 2746 quotidie,
978 2663 1013 2723 et
1032 2654 1167 2724 sortium

98 2784 236 2867 patrum
255 2774 515 2846 innumerabilis
532 2776 715 2849 multitudo
735 2786 799 2848 est.
814 2777 900 2849 Nam
918 2776 1012 2868 quod
1033 2775 1167 2862 scribiS,

98 2918 225 2990 corpus
244 2919 426 2990 exsangue
446 2897 606 2972 hostibus
619 2901 726 2971 luisse
745 2898 907 2983 ludibrio,
929 2900 1045 2972 hostili
1067 2899 1170 2970 saevi-

99 3019 156 3091 riae
184 3021 330 3113 aliquid,
359 3023 422 3093 sed
448 3024 644 3116 superstitis
670 3023 922 3116 existentisque
951 3023 1099 3096 miseriae
1124 3023 1170 3091 nil

98 3164 242 3233 prorsus
263 3145 441 3216 adiecerit:
461 3147 603 3219 stultum
615 3148 707 3217 enim
721 3169 798 3218 cum
819 3156 963 3219 mortem
983 3146 1168 3240 spreveris,

99 3263 281 3338 cadaveris
308 3268 465 3340 iniuriam
493 3269 688 3341 formidare.
715 3272 835 3341 Patres
860 3270 992 3343 obitum
1021 3268 1169 3341 filiorum

100 3388 177 3458 lorti
202 3389 313 3459 tulere
338 3393 467 3463 animo:
489 3394 624 3466 laceros
649 3393 789 3487 quidam
818 3404 914 3466 artus
939 3393 1040 3466 siccis
1061 3394 1169 3465 oculis

98 3513 285 3603 collegere,
313 3514 411 3583 multi
443 3527 558 3586 autem
594 3539 676 3589 suos
710 3538 790 3588 cum
815 3517 966 3589 lacrimis
988 3517 1033 3587 ad
1054 3519 1170 3610 sepul-

98 3656 210 3719 crum,
233 3636 279 3706 ad
309 3637 435 3708 inleros
456 3639 599 3732 quidam
633 3622 749 3712 versis
775 3641 809 3712 in
835 3664 874 3713 se
900 3641 1025 3733 gladiis
1050 3663 1171 3734 prose—

99 3761 168 3831 cuti
198 3770 290 3831 sunl.
325 3760 422 3832 Fletu
453 3761 655 3846 immodice,
689 3763 783 3856 quod
813 3764 1052 3846 meminerim,
1092 3774 1171 3836 ante

99 3882 241 3955 Paulum
255 3896 412 3955 nostrum
431 3906 547 3955 nemo:
567 3885 622 3956 hic
638 3898 694 3958 est
710 3908 823 3959 novus
838 3896 873 3959 et
886 3909 985 3960 rarus
1002 3899 1036 3960 et
1053 3888 1170 3959 incon-

101 4007 251 4081 solabilis
271 4008 371 4081 dolor
391 4030 500 4080 meus.
519 4009 627 4082 Homo
647 4010 898 4097 nobilissimus,
913 4021 947 4084 et
965 4035 1040 4083 mea
1060 4034 1170 4104 quon-

100 4127 179 4203 dam
199 4133 358 4228 opinione
377 4133 600 4219 fortissimus
621 4134 670 4208 sic
690 4135 850 4209 Fortunae
863 4145 996 4228 tergum
1013 4135 1169 4230 praebuit,
