2670 4688
277 274 369 328 trnsn
390 276 894 327 transtuosunnrus.-srtsront
915 277 955 325 rx.
1084 290 1087 295 ·
1113 262 1149 324 ttt

85 410 218 483 Curabo
249 432 293 481 ne
322 419 482 494 noceant,
505 410 569 482 sed
601 409 694 502 quod
723 411 865 483 invidiae
891 409 1067 505 proprium
1090 421 1153 489 ost,

84 554 161 607 seso
186 535 276 606 malo
296 554 361 605 sno
380 533 550 617 crucient,
576 554 619 605 eo
643 533 842 605 miseriores
876 555 945 625 quo
977 533 1155 605 nobiscnm

83 659 139 751 agi
164 657 337 729 senserint
361 656 506 727 felicius.
533 655 609 727 Non
635 654 745 748 patiar
772 667 809 727 ut
834 657 915 726 maii
946 657 1022 748 plus
1051 677 1155 748 quam

84 781 164 853 boui
184 779 244 851 tibi
264 780 424 852 attulisse
449 785 567 850 nostra
592 776 727 849 dicatur
751 777 912 848 amicitia.
940 776 1064 848 Afferri
1092 777 1154 850 tihi

84 904 139 975 vis
170 926 240 974 non
271 913 398 996 potest.
432 901 482 973 Ne
514 913 548 974 te
582 901 832 973 vilissimorum
854 900 957 972 miuae
977 901 1155 973 hominum

84 1025 257 1112 deiiciant,
283 1047 381 1097 cave.
408 1026 528 1097 Solare
552 1037 715 1098 moestum
736 1026 900 1097 animum,
923 1025 998 1094 Non
1022 1034 1077 1097 est
1101 1025 1157 1096 ille

83 1149 189 1220 miser
209 1170 273 1220 neo
293 1148 359 1219 erit
374 1147 524 1239 quidem,
540 1149 606 1218 nisi
622 1170 661 1220 se
681 1149 792 1220 saciat.
814 1149 877 1218 Vis
904 1147 1025 1219 videre
1051 1169 1156 1238 quom

83 1294 152 1343 uon
177 1272 226 1343 sis
253 1272 378 1344 miser?
410 1270 531 1364 Cogita
562 1293 666 1365 quam
696 1273 814 1345 multis
848 1271 1014 1343 invidiam
1035 1272 1153 1343 iacias

82 1393 190 1466 Nemo
211 1395 312 1466 simul
334 1394 528 1467 invidiosus
548 1403 583 1466 et
603 1395 710 1467 miser
727 1405 797 1467 est:
816 1395 901 1467 dum
920 1395 1067 1487 urgeris,
1084 1403 1154 1465 sta:

84 1515 166 1588 dum
189 1518 339 1603 terroris
361 1515 445 1588 fide:
467 1537 614 1608 assurge
633 1516 715 1588 dum
731 1518 910 1610 premeris:
935 1516 991 1588 dio
1016 1518 1153 1600 animo,

81 1637 137 1711 dic
157 1642 305 1734 corpori,
327 1639 554 1733 virgilianum
576 1640 659 1712 illud
680 1639 966 1711 famosissimum:
1049 1689 1052 1695 ·

238 1796 350 1860 Durate
367 1805 397 1860 ct
414 1803 535 1861 vosmet
551 1799 643 1862 rebus
660 1805 780 1863 serrato
797 1799 946 1862 secundis.

83 1941 143 2012 Dic
162 1941 246 2014 ittud
266 1943 440 2017 eiusdem:

239 2121 352 2208 Qsocii
368 2137 468 2202 neque
485 2123 567 2188 enim
584 2124 681 2205 ignari
698 2139 806 2188 sumus
823 2130 891 2188 ante
908 2125 1073 2188 malorum:

238 2215 261 2281 0
278 2217 357 2296 passi
375 2219 532 2299 graviora,
550 2221 631 2286 dabit
645 2223 726 2287 Deus
741 2222 789 2286 his
805 2238 929 2302 quoque
945 2223 1053 2286 tinem:

80 2376 148 2462 ille,
171 2379 327 2467 inquam,
349 2377 441 2447 Deus
462 2382 522 2470 qui
543 2380 619 2451 aliis
641 2384 760 2452 multis
780 2394 816 2453 ct
836 2382 944 2452 variis
964 2379 1069 2452 finem
1089 2380 1152 2453 de-

78 2499 139 2568 dit.
161 2498 265 2575 Cura,
288 2495 446 2579 obsecro,
469 2521 513 2568 ue
534 2500 601 2571 tuis
622 2511 658 2571 et
677 2501 847 2572 bonorum
864 2503 1018 2573 omnium
1040 2501 1154 2594 publi-

82 2617 132 2688 cis
150 2614 310 2687 hostibus
330 2626 500 2711 captatam
521 2642 568 2691 ex
590 2631 623 2692 te
648 2620 825 2712 gaudendi
853 2620 1013 2715 praebeas
1044 2630 1154 2692 mate·

81 2741 182 2824 riam,
205 2762 295 2812 nove
314 2740 382 2812 illis
405 2764 555 2815 vacuum
569 2746 682 2816 locum
698 2743 868 2835 linquens,
888 2744 1032 2838 patriam
1050 2743 1152 2818 dese-

80 2862 221 2936 rendam
242 2875 352 2957 putes.
371 2862 447 2936 Non
471 2875 526 2938 est
550 2864 640 2938 firmi
666 2865 773 2937 animi
799 2867 832 2937 in
858 2866 968 2940 solido
992 2867 1148 2954 fundati,

77 2987 165 3059 levis
185 3008 282 3059 aurae
303 2987 442 3060 flatibus
476 2989 610 3081 agitari.
632 2987 805 3062 Cannensi
837 2989 936 3062 clade
964 2988 1150 3063 debilitatis

77 3111 211 3193 animis,
226 3121 366 3183 auctore
381 3113 520 3184 Caecilio
532 3114 678 3197 Metello,
697 3111 880 3185 consitium
899 3107 1020 3184 initum
1040 3116 1151 3184 fuerat

77 3230 183 3303 ltaliae
202 3233 449 3326 relinquendae.
476 3234 516 3307 ld
540 3232 693 3305 Africani
721 3244 801 3305 tuno
826 3232 1054 3305 adolescentis
1076 3233 1149 3303 vir-

77 3362 149 3426 tuto
169 3353 370 3425 discussum
402 3366 470 3439 est,
505 3356 565 3448 qui
598 3357 719 3427 stricto
750 3356 865 3447 gladio
897 3376 1003 3448 super
1035 3358 1148 3448 capito

75 3476 342 3548 consultantium
378 3475 599 3549 iureiurando
630 3476 809 3562 astrinxit,
840 3498 901 3549 eos
938 3499 1052 3569 neque
1087 3499 1148 3568 pa-

74 3600 175 3669 triam
205 3596 436 3682 deserturos>
454 3621 567 3692 nequo
603 3620 769 3694 passuros
802 3597 929 3671 deseri.
963 3597 1063 3669 Aude
1092 3599 1147 3669 vir

75 3713 110 3784 in
133 3715 246 3809 primo
270 3717 417 3786 fortunae
447 3737 640 3800 murmure,
668 3713 763 3808 quod
790 3714 995 3786 adolescens
1022 3713 1056 3784 in
1082 3737 1147 3787 ex-

75 3848 184 3912 tremo
201 3840 278 3912 eius
300 3840 445 3910 vulnero
471 3850 527 3910 est
545 3859 664 3910 ausus.
687 3837 788 3910 Aude
809 3838 843 3907 in
869 3838 1028 3932 teipsum
1050 3839 1145 3932 quod

75 3963 130 4034 itte
163 3964 198 4032 in
231 3964 329 4035 alios:
364 3963 454 4034 aude
488 3960 522 4031 in
552 3983 670 4044 unum,
698 3959 792 4053 quod
825 3961 882 4033 iilo
908 3962 941 4032 in
975 3965 1143 4058 plurimos

73 4105 183 4158 ausus
220 4097 285 4158 est.
328 4084 565 4160 consternatis
606 4082 787 4159 affectibus
811 4084 964 4178 gladium
997 4088 1143 4159 rationis

198 4215 232 4256 nr.
973 4207 990 4256 6
