2834 5086
588 331 742 383 muscata
763 333 823 381 tvl.
1184 320 1243 381 459

167 482 230 551 luit
250 476 458 551 Asdrubalis
476 475 572 546 senis
588 484 821 566 cognomento
843 472 969 556 Haedii,
993 475 1055 565 qui
1074 477 1202 545 missus
1223 495 1243 544 a

167 599 378 689 Carthagine
398 596 443 669 ad
465 592 737 666 misericordiam
762 593 982 664 excitandam
1015 593 1245 685 poscendam·

164 742 234 814 que
255 740 276 791 a
296 719 462 790 Romanis
484 737 617 809 pacem,
640 716 775 787 animos
793 717 869 788 solo
881 714 980 785 flexit
999 728 1161 809 aspectu3
1179 737 1245 789 nec

164 844 281 915 minus
294 838 596 912 illustrisdlricani
608 837 754 909 iunioris
766 836 922 930 quolibet
936 840 1245 931 ingenerenume-
1290 868 1295 883 ¹

165 961 435 1053 randaLegatio,
448 961 519 1054 qui,
534 968 572 1030 ut
583 959 631 1031 ait
645 958 774 1043 Cicero,
789 957 875 1030 obiit
882 959 1034 1051 Legatos
1043 962 1242 1056 AEgyptum

166 1086 318 1181 Syriam,
333 1081 643 1165 AsiamGraeciam
654 1091 776 1172 ,atque
788 1081 919 1153 absens
932 1083 977 1155 ad
991 1082 1118 1154 bellom
1133 1083 1245 1152 maxi-

166 1231 260 1280 mum
283 1206 534 1279 conficiendum
555 1201 897 1296 conscidendamquc
917 1204 1137 1277 Numantiam
1164 1225 1246 1275 con-

167 1333 220 1402 sul
242 1329 366 1400 iterum
387 1340 444 1400 est
463 1326 936 1419 directus.‹l²lril0soplrorum
957 1346 1098 1418 quoque
1118 1325 1245 1415 legatio

167 1451 335 1541 pracclara
348 1449 393 1520 ad
407 1446 661 1540 impetrandum
676 1449 816 1517 mulctae
830 1446 1072 1518 remissionem
1087 1445 1246 1516 alinthe-

165 1570 347 1643 niensibus
372 1572 516 1644 Romam
538 1571 664 1655 missa,
690 1570 725 1640 in
750 1590 820 1661 qua
845 1580 882 1640 et
911 1569 1143 1640 Academicus
1162 1568 1246 1638 Car·

168 1693 310 1775 neades,
336 1704 373 1765 et
389 1693 527 1763 Stoicus
554 1692 728 1783 Diogenes
752 1692 907 1775 luerunt,
936 1703 972 1763 et
995 1691 1245 1785 Peripateticus

165 1813 350 1895 Critolaus,
373 1834 522 1905 quorum
543 1832 705 1905 quaenam
726 1814 761 1883 in
782 1813 930 1908 publicis
950 1836 992 1885 ac
1008 1812 1246 1885 celeberrimis

168 1936 288 2006 llomae
314 1936 399 2007 locis
425 1934 554 2027 ingenii
575 1945 680 2027 atque
699 1937 909 2030 eloquentiae
929 1936 1132 2021 ostentatio,
1151 1953 1248 2028 qoae-

167 2078 245 2129 nam
265 2057 406 2128 Catonis
427 2056 574 2129 censorii
595 2065 631 2128 et
650 2079 755 2149 quarn
777 2079 901 2130 severa
916 2059 1102 2143 sententia,
1117 2057 1162 2129 de
1179 2056 1246 2128 illis

167 2179 246 2250 dico
265 2179 499 2265 dimittendis,
530 2189 567 2250 et
586 2178 649 2251 tibi
668 2191 787 2252 notum
813 2192 882 2264 est,
904 2190 940 2252 et
959 2183 1057 2252 locus
1088 2182 1154 2251 iste
1177 2201 1244 2252 non

165 2301 286 2394 exigit.
307 2301 484 2383 Quorsum
497 2302 588 2371 enim
603 2300 703 2372 haec‘l
719 2300 851 2395 Nempe
865 2302 1015 2373 nonnisi
1032 2315 1069 2373 ut
1080 2302 1246 2374 advertus

165 2421 232 2494 hoc
246 2423 366 2513 Legati
381 2441 507 2492 nomen
525 2420 618 2512 apud
636 2419 787 2491 maiores
804 2422 921 2492 tritum
935 2433 1040 2513 atque
1054 2425 1247 2512 vulgatum,

168 2562 234 2613 nec
254 2539 418 2612 omnibns
436 2551 593 2632 ereptum
620 2542 736 2632 (longa
761 2540 845 2632 quid
873 2563 945 2612 non
975 2551 1087 2612 mutat
1114 2541 1247 2633 diesi),

169 2666 360 2735 Romanam
381 2661 572 2734 Ecclesiam
600 2660 666 2732 sibi
692 2663 869 2756 proprium
897 2663 1111 2749 vindicasse,
1135 2685 1178 2735 ne
1197 2663 1251 2735 di·

167 2807 243 2857 cam
278 2804 483 2878 usurpasse.
513 2783 632 2875 ltaque
665 2783 732 2854 iam
747 2784 905 2875 Legatos
934 2784 1152 2857 exercituum
1175 2784 1249 2856 sois

165 2929 308 3000 quoque
335 2905 533 2978 nominibus
559 2915 677 2978 vorat:
711 2917 747 2979 at
777 2905 905 3000 quibus
933 2906 1097 2979 mandata
1127 2927 1249 2996 regum

167 3039 228 3099 aut
249 3028 386 3101 urbium
407 3029 669 3101 committuntur
692 3029 847 3103 Nuncios
871 3031 1009 3115 dicunt,
1032 3031 1109 3102 siv'e
1135 3031 1243 3111 aliter,

168 3160 228 3220 aut
249 3152 354 3240 vulgo
373 3151 464 3222 alius
481 3160 586 3243 atque
606 3152 695 3222 alius
720 3171 835 3223 sermo
860 3164 925 3223 est.
947 3152 1017 3222 Soli
1039 3151 1145 3242 igitur
1167 3163 1250 3222 sunt

168 3272 301 3362 Legati,
316 3293 416 3363 qnos,
432 3272 586 3354 malunt,
602 3275 779 3346 Romanus
790 3273 948 3346 Pontifex
962 3273 1008 3345 ad
1020 3246 1159 3366 alilpue
1168 3288 1251 3365 pro·

167 3394 302 3466 vincias
318 3393 523 3481 destinavit,
541 3417 562 3466 e
578 3396 708 3488 quibus
721 3397 863 3490 quidam
877 3396 999 3489 Legati
1014 3380 1249 3488 tantu'i'iffli·

167 3517 248 3590 dam
272 3539 356 3589 vero
377 3517 545 3588 delatore
565 3517 685 3610 Legati
706 3529 963 3611 nuncupantur,
983 3540 1073 3611 quos
1089 3500 1252 3617 vlffltht

170 3641 297 3711 missos
318 3662 338 3711 e
356 3640 521 3730 collegio,
543 3638 637 3730 quod
651 3661 789 3712 sacrum
804 3652 942 3725 vocant,
957 3640 1113 3713 Romulei
1130 3620 1250 3737 θῶ

168 3762 223 3831 nis
243 3764 358 3853 lulgor
378 3761 537 3832 illustrat.
563 3761 612 3833 lta
634 3762 716 3833 mihi
738 3764 842 3835 lando
859 3763 986 3835 videor
1002 3760 1174 3845 audiisse,
1188 3782 1252 3832 ne·

168 3904 237 3973 qne
261 3883 351 3953 enim
379 3903 436 3954 res
461 3892 516 3953 est
534 3883 589 3952 cui
609 3881 809 3954 ediscenda
824 3886 973 3955 multum
993 3882 1160 3976 temporis
1181 3881 1246 3953 im-

170 4002 335 4093 pendisse
354 4007 471 4075 velim.
495 4004 546 4076 Sit
565 4013 682 4075 autem
704 4005 767 4075 ita:
788 4006 873 4097 quid
896 4005 990 4076 enim
1009 4006 1053 4076 ad
1086 4006 1178 4076 nos‘l
1204 4004 1250 4075 Et

170 4123 348 4196 ferendum
363 4137 418 4198 est
436 4147 540 4220 aequo
560 4126 676 4197 animo
690 4125 800 4216 utqui
820 4147 936 4198 rerum
958 4127 1137 4218 potiuntur
1150 4146 1249 4197 sum-
