2670 4688
130 290 187 345 ,rii
583 292 743 339 iiuttttttt

129 450 239 514 iic-am
266 444 425 512 nianrbus
448 446 622 533 ingenium
646 442 893 511 retraxissem.
908 444 1119 533 gloriosum
1142 447 1219 513 mibi

130 582 310 636 austmans
324 574 359 635 et
374 566 499 635 tallbos
519 578 695 655 tamquam
710 563 945 633 familiaribus
963 564 1126 636 dominis
1141 568 1222 637 meis

129 694 275 783 ‹zi-sequi
304 708 338 761 et
358 704 463 760 :antae
485 690 603 757 virtuti
626 688 861 757 testimonium
877 686 1089 777 perbibere.
1103 688 1169 760 Sed
1188 690 1218 758 iu

131 834 290 905 praesens
310 812 404 882 aiud
425 832 508 881 rere
536 810 649 878 maius
673 808 789 879 obstat
815 806 1118 900 impedimentum
1148 834 1218 882 cor·

131 940 226 1028 poris
243 958 352 1026 grave
373 952 406 1004 et
425 936 621 1003 molestum.
646 934 881 1015 ducenarius
899 942 937 1000 et
961 931 1123 1003 Paduam
1145 936 1214 1004 reni

132 1082 237 1151 prope
260 1059 401 1127 bainea:
420 1072 453 1126 et
470 1054 626 1148 qu··.·tidie
643 1056 732 1125 inter
753 1074 877 1123 manus
896 1054 1126 1126 medicorum
1145 1079 1213 1126 sum

132 1186 182 1253 sic
202 1185 360 1253 affectus.
398 1194 434 1248 nt
461 1180 535 1269 ipse
568 1177 651 1245 mihi
684 1176 885 1268 displiceam
915 1188 1028 1267 atque
1065 1178 1143 1270 ipse
1166 1200 1212 1248 ne

130 1308 281 1378 oderim.
313 1326 374 1372 nec
399 1304 457 1371 uili
485 1304 533 1370 rei
552 1302 649 1369 atteri
676 1322 783 1391 quam
809 1300 954 1367 mmrori
983 1301 1125 1391 possim
1149 1302 1214 1372 ani-

132 1452 224 1497 mum
243 1430 434 1519 applicare:
459 1424 554 1516 qnod
587 1423 672 1492 mibi
705 1442 774 1493 non
806 1420 997 1492 accideret.
1020 1425 1055 1493 si
1075 1425 1213 1496 morbos

131 1551 249 1620 brevis
267 1562 364 1619 esset
387 1548 433 1619 ad
458 1560 624 1617 mortem:
645 1544 712 1616 sed
731 1565 856 1615 vereor
870 1565 915 1613 ne
945 1546 992 1614 sit
1016 1548 1152 1639 longus
1174 1546 1212 1619 ad

130 1670 284 1739 taedium.
307 1669 356 1738 Sit
375 1680 488 1737 mmen
509 1664 682 1758 quidquid
701 1666 774 1735 fleo
798 1666 974 1758 placitum.
996 1667 1129 1739 Omnia
1151 1672 1212 1739 ter·

130 1814 204 1861 rem
216 1812 323 1882 aequo
340 1794 465 1861 animo.
488 1792 516 1857 si
540 1790 676 1860 interim
698 1808 768 1858 non
786 1810 808 1859 a
833 1789 937 1859 solito
956 1788 1085 1861 studio
1102 1791 1211 1886 probi·

130 1913 253 1987 berer:
274 1914 339 1987 sed
361 1910 558 2006 prohibeor.
583 1912 625 1980 Et
647 1910 711 1981 boc
733 1912 838 1982 etiam
858 1910 1046 1981 amodum
1068 1914 1210 1983 fortiter:

130 2043 219 2111 taetc
239 2038 401 2115 dicerem,
437 2035 500 2107 sed
529 2032 721 2103 mentirer:
752 2044 788 2104 et
818 2030 868 2102 dc
896 2032 963 2101 boc
990 2034 1089 2105 inter
1113 2036 1210 2106 muita

128 2162 246 2231 dotco.
267 2159 363 2249 quod
385 2170 514 2227 cestrae
532 2176 625 2226 nunc
642 2176 765 2247 parere
790 2176 858 2225 non
884 2155 1026 2226 valam
1053 2158 1210 2237 russiam

129 2284 180 2352 sic
205 2282 297 2351 cuim
330 2302 455 2351 vocare
486 2278 601 2350 debeo
634 2298 758 2369 preces
788 2288 940 2349 vestras.
973 2277 1104 2351 Pareat
1135 2280 1211 2351 mibi

127 2424 253 2496 quaeso
265 2414 385 2475 restra
399 2414 481 2475 nota
494 2400 703 2493 benigniias,
716 2400 877 2492 cogitans
888 2421 1015 2471 rernm
1027 2399 1211 2497 essequod

131 2529 177 2599 ait
199 2530 265 2601 iiic.

301 2704 442 2765 carmina
459 2700 643 2779 proveniunt
660 2696 764 2758 animo
780 2692 907 2756 deducta
924 2706 1047 2755 screno.

130 2906 211 2975 tritri
237 2916 272 2973 ct
294 2902 470 2973 turbidum
495 2921 575 2971 csse
599 2899 755 2968 animum
780 2907 816 2969 ct
848 2914 976 2986 corpus
1003 2896 1208 2977 inrutidnn.

126 3036 232 3115 tiaran
253 3020 330 3091 idco
351 3032 461 3091 totum
478 3022 547 3091 boo
567 3017 690 3090 morbo
712 3020 870 3111 imputet,
899 3025 934 3089 et
959 3038 1029 3087 non
1048 3019 1154 3099 mibi.
1178 3028 1212 3091 ct

129 3156 244 3217 utatur
265 3142 329 3211 bac
349 3142 384 3211 in
406 3164 444 3213 rc
467 3142 617 3232 ingeniis
644 3140 815 3219 aliorum,
844 3161 928 3233 quae
953 3141 1065 3212 multo
1089 3142 1211 3215 altiora

126 3290 166 3337 ac
185 3264 359 3335 vivaciora
394 3277 475 3333 sunt
506 3285 585 3336 meo
615 3265 755 3353 ingenio
782 3272 953 3357 occupato
984 3261 1136 3335 nimium
1173 3287 1212 3337 ac

125 3390 287 3459 ‹iiiscsaot
321 3395 358 3454 ct
391 3384 567 3477 praecipue
591 3406 645 3453 ser
678 3382 800 3455 Cbecbi
826 3384 937 3453 ,bricti
961 3382 1008 3453 de
1035 3385 1213 3457 Porolivio

127 3510 189 3581 vici
216 3504 403 3577 admodum
430 3506 619 3596 singularis
643 3516 681 3577 et
707 3507 810 3577 amici
843 3508 923 3577 mei.
960 3505 1071 3576 Cnins
1098 3508 1214 3600 opita·

126 3632 241 3724 phium
278 3628 306 3696 si
340 3626 495 3705 habetis,
517 3629 701 3700 consitium
724 3648 839 3698 mcum
865 3640 922 3699 est
949 3640 987 3698 ut
1010 3627 1109 3699 atiud
1143 3652 1213 3703 non

123 3749 300 3849 ipnaeratis.
335 3748 511 3840 Quidquid
551 3751 609 3821 ide
641 3752 762 3823 scribit
780 3771 849 3842 ego
868 3748 1036 3844 approbo.
1062 3752 1214 3846 Siquid

126 3886 239 3953 t'orsnu
259 3872 476 3943 auctoritatis
489 3872 522 3941 io
537 3892 616 3941 meo
633 3874 762 3945 iudicio
775 3874 954 3966 reponitis,
968 3894 1060 3955 ecoe,
1075 3872 1214 3946 domini

127 4002 190 4078 irrui
212 3995 390 4079 carissimi,
414 3994 531 4089 petitis
556 3986 742 4077 auxilium,
768 3993 952 4067 consitium
971 3994 1029 4064 do.
1048 3993 1121 4066 Sed
1141 4018 1215 4069 non

129 4148 265 4226 purssuiu
287 4119 446 4215 amptius.
465 4116 599 4187 Vaictc:
625 4114 787 4189 Christus
809 4133 874 4185 vos
900 4116 1082 4187 unanimes
1102 4129 1214 4211 atquc
