2670 4688
263 307 931 361 uranuucesmusemuus.-nr1sronnx.
964 268 967 273 ¹
1091 300 1129 362 89

59 472 258 547 nuncupare
271 451 391 521 soleat.
406 449 506 539 Saepe
520 446 576 516 illa
595 468 649 516 me
666 467 882 541 peromnem
899 447 1006 520 vitam
1025 469 1128 520 exer·

59 577 130 648 cuit
148 584 184 645 et
200 575 346 643 multum
367 582 517 663 tempus
537 590 557 638 a
577 590 686 661 puero
706 568 886 661 incipiens,
905 570 941 641 id
958 593 1027 662 quo
1045 570 1128 641 nibil

61 698 193 769 tristius
208 695 307 775 facio,
327 695 438 764 iacere
451 691 624 784 compulit.
636 688 726 774 Quid
743 689 880 761 dicam‘l
892 692 1016 762 Parum
1031 692 1131 764 abest

60 823 163 914 quin,
185 842 252 890 non
272 817 350 889 dico
365 816 561 895 admittam.
581 813 644 886 sed
664 814 789 886 lentius
809 836 970 909 respuam
992 817 1051 887 lati
1069 840 1131 888 no-

61 966 148 1026 men,
164 939 304 1035 quando
317 960 386 1010 non
403 937 505 1009 modo
522 937 682 1030 quisquis
700 935 891 1023 hominurn,
915 938 976 1010 sed
990 939 1132 1010 humani

61 1085 212 1156 quaeque
224 1082 304 1156 pars
316 1062 470 1154 eorporis
487 1071 592 1152 atque
609 1059 736 1132 animae
753 1081 853 1132 suam
868 1071 999 1131 sortem
1015 1059 1131 1132 babet.

61 1191 105 1260 Et
125 1208 209 1259 sane
226 1198 425 1280 suspectum
447 1185 561 1280 potius
586 1206 713 1256 nomen
733 1185 799 1257 hoc
819 1207 881 1279 pro
906 1207 949 1257 eo
968 1187 1063 1280 quod
1087 1186 1133 1258 ad

62 1312 204 1404 impium
225 1332 367 1383 sensum
387 1308 597 1401 quibusdam
618 1310 736 1403 pravis
756 1318 791 1380 et
810 1307 959 1402 obliquis
981 1310 1131 1402 ingeniis

63 1435 151 1507 trabi
173 1437 275 1519 solet,
295 1455 400 1528 quam
421 1453 478 1502 res
495 1433 573 1525 ipsa
588 1435 675 1504 falsa
693 1442 758 1503 est.
780 1432 957 1527 Siquidem
983 1455 1003 1504 a
1029 1432 1133 1506 lando
1228 1484 1231 1489 -

62 1560 169 1630 latum
186 1558 326 1640 dicitur,
345 1567 390 1640 et,
411 1565 448 1627 ut
464 1556 511 1626 ait
528 1554 652 1640 David,
672 1558 778 1628 semel
795 1559 931 1628 locutus
948 1565 1004 1627 est
1017 1555 1133 1626 Domi·

63 1703 128 1753 nus
146 1691 181 1752 et
199 1680 294 1773 quod
313 1681 369 1750 ille
390 1681 525 1752 locutus
541 1688 610 1761 est,
633 1679 752 1773 utique
769 1682 876 1751 fatum
893 1689 959 1752 est.
978 1680 1023 1751 Ut
1040 1679 1132 1750 enim

64 1803 270 1897 propheticae
286 1803 448 1894 gravitati
466 1803 635 1894 poeticum
655 1801 746 1874 adsit
762 1801 951 1895 eloquium,
974 1823 1081 1893 grave
1097 1809 1134 1871 et

63 1924 263 1997 inimitabile
283 1924 413 1997 sanctis
434 1925 570 2018 pondus
590 1922 690 1996 adest
708 1923 839 1995 verbis:

340 2109 376 2172 Et
393 2125 501 2172 rocem
518 2109 575 2173 lata
592 2112 775 2188 sequuntur,

64 2301 101 2364 ut
120 2294 167 2366 ait
187 2295 315 2367 Statius
335 2295 509 2388 Papinius.
529 2293 643 2387 Atque
660 2295 709 2368 ila
728 2298 835 2366 latum
857 2318 897 2366 ac
917 2294 1035 2366 divina
1056 2318 1135 2388 pro·

64 2416 216 2486 videntia
234 2438 341 2485 unum
356 2427 448 2485 sunt.
463 2417 564 2499 Quod
577 2418 636 2507 qui
655 2416 702 2487 ita
719 2417 887 2507 intelligit,
907 2439 975 2488 non
993 2416 1132 2500 fallitur,

64 2536 145 2604 licet
163 2545 302 2628 propter
326 2555 402 2603 eam
423 2557 528 2626 quam
552 2535 626 2605 dixi
653 2537 884 2628 suspicionem
911 2537 1060 2607 nominis
1086 2546 1134 2608 te-

66 2653 213 2724 nendam
234 2655 457 2740 sententiam,
492 2655 733 2748 corrigendam
767 2657 919 2748 linguam
953 2656 1136 2730 admoueat

65 2777 292 2871 Augustinus.
311 2781 382 2851 Nos
402 2791 517 2853 autem
540 2782 635 2855 verbi
660 2782 953 2876 disputationibus
974 2783 1132 2869 omissis,

64 2922 137 2972 rem
158 2902 268 2996 ipsam
290 2903 345 2997 pia
366 2913 401 2976 et
422 2904 560 2976 minimo
577 2906 741 3000 pertinaci
759 2905 920 3000 opinione
939 2916 1133 2992 teneamus,

64 3022 174 3118 ipsam
204 3026 239 3097 in
271 3026 433 3100 omnibus
454 3029 649 3115 veritatem,
671 3051 739 3101 non
760 3030 938 3103 victoriam
960 3052 1136 3124 aucupan-

66 3154 134 3229 tes,
155 3155 191 3216 et
210 3169 349 3243 semper
368 3171 414 3221 ex
434 3151 552 3223 verbis
578 3153 680 3223 animi
708 3153 909 3246 praesidium
930 3152 1133 3234 elicientes,

64 3267 226 3359 intrepidi
245 3271 423 3362 paratique
445 3275 569 3360 simus,
605 3296 672 3345 non
703 3275 747 3347 ad
781 3276 846 3348 hoo
865 3284 925 3347 aut
945 3272 1030 3344 illud
1056 3274 1136 3344 mali

65 3411 189 3481 genus,
213 3387 276 3459 sed
296 3390 342 3461 ad
361 3394 486 3464 omnia.
516 3396 607 3467 Nihil
633 3397 723 3468 enim
753 3398 835 3468 mali
854 3408 922 3483 est,
944 3395 1039 3489 quod
1066 3414 1135 3464 non

66 3512 196 3583 homini
212 3511 295 3582 dum
317 3513 407 3583 vivit
427 3516 631 3609 impendeat.
653 3521 714 3591 His
729 3520 827 3590 malis
840 3520 1013 3604 omnibus,
1035 3518 1135 3588 virae-

66 3657 135 3728 que
155 3635 317 3728 periculis
339 3622 529 3710 solamors
550 3640 681 3713 liberat.
709 3642 881 3713 Coelerum
907 3641 941 3711 in
967 3640 1040 3711 boc·
1058 3661 1136 3711 meo

65 3779 151 3829 casu
167 3758 210 3830 de
228 3781 298 3852 quo
314 3761 495 3854 plusquam
516 3785 579 3855 pro
605 3786 642 3835 re
663 3766 811 3837 dixerim
834 3787 934 3836 suum
960 3766 1047 3836 forte
1072 3764 1135 3833 im-

66 3881 179 3974 pletur
199 3905 338 3967 nomen,
361 3883 411 3955 sic
431 3884 523 3955 onim
548 3890 654 3979 vulgo
680 3889 773 3980 quod
793 3889 980 3959 infaustum
1000 3897 1055 3958 est
1075 3886 1135 3956 lae-

67 4025 149 4074 vum
170 4015 230 4075 aut
250 4007 428 4078 sinistrum
447 4007 585 4081 dicitur:
603 4011 764 4101 quamvis
781 4010 865 4082 illud
881 4032 1017 4081 nonme
1031 4012 1135 4079 lateat

67 4125 102 4196 in
121 4131 277 4221 auguriis
303 4133 391 4204 laeva
416 4131 537 4205 eadem
558 4155 638 4207 esse
658 4155 738 4228 quae
760 4154 940 4230 prospera:
963 4133 1054 4207 unde
1079 4140 1135 4202 est
