2670 4688
245 302 337 351 mnia
359 301 680 360 viczsiuusouinius.
693 321 730 332 —
743 269 897 354 §visioni
918 306 983 355 xm.
1095 294 1152 357 307

76 448 117 518 ci.
136 445 211 516 Non
233 466 376 537 possum
398 441 443 515 de
464 439 642 514 affectibus
656 445 786 513 vestris
798 447 911 536 queri,
929 470 1055 544 nempe
1075 453 1155 543 qui-

77 567 142 639 bus
163 567 277 640 carius
301 568 347 636 nil
369 563 491 636 habeo.
514 564 582 635 Sed
596 575 660 649 est,
672 574 713 634 'ut
725 572 930 637 caeterarum
954 591 1083 656 rerum,
1104 575 1155 645 sic

76 690 214 760 amandi
235 687 372 770 moduS‚
400 710 444 759 ne
470 685 601 759 scilicet
620 685 702 756 dum
720 685 891 780 prodesse
917 689 987 774 vis,
1014 713 1153 766 noceas,

76 814 186 884 Nimis
207 811 289 882 mihi
311 811 444 894 faciles,
469 809 570 879 nimis
592 810 626 879 in
648 831 703 880 me
719 811 820 903 proni
845 812 946 895 estis,
970 814 1072 885 nimis
1093 816 1154 886 tri-

75 935 196 1020 buitis,
216 935 319 1005 nimis
341 931 485 1024 urgetis,
508 932 611 1003 nimis
625 932 774 1003 amando
792 955 849 1005 me
867 935 1034 1027 premitis.
1054 935 1102 1006 Te
1119 935 1152 1005 in

77 1056 193 1141 finem,
214 1058 321 1126 lector
337 1053 598 1139 candidissime,
619 1054 780 1148 quisquis
800 1075 850 1137 es,
874 1052 1031 1127 obtestor
1050 1067 1154 1149 alque

76 1181 224 1251 obsecro
246 1199 305 1268 per
324 1176 516 1248 communis
544 1176 648 1248 studii
674 1198 843 1260 amorem,
865 1198 926 1271 per
952 1176 1071 1269 siqua
1093 1176 1152 1248 tibi

76 1303 177 1370 famae
192 1299 341 1393 propriae
360 1322 443 1371 eura
460 1309 527 1381 est,
548 1322 591 1371 ne
603 1311 664 1370 aut
677 1300 844 1372 varietate
860 1322 985 1383 rerum,
1001 1312 1060 1371 aut
1076 1323 1154 1372 ver-

77 1420 197 1490 borum
225 1419 415 1491 humilitate
441 1420 630 1525 movearis,
654 1444 787 1495 memor
811 1423 896 1516 quid
921 1423 966 1495 de
993 1422 1057 1494 hoc
1078 1423 1154 1513 ipso

76 1543 184 1634 prima
204 1542 321 1636 operis
343 1542 446 1614 huius
466 1542 500 1613 in
521 1556 615 1635 parte
636 1546 801 1635 praefatus
822 1546 899 1615 sim.
921 1547 1016 1617 Vale.

356 2533 499 2581 EXPLICIT
521 2534 613 2581 1³ssssss
636 2535 717 2581 xxlv.
737 2535 876 2592 lnEMQUE

315 2638 448 2684 [mimis
482 2638 521 2683 ni:
553 2637 652 2683 ssssssrs
682 2636 912 2685 Piiulilimssuis‘.
