2670 4688
288 273 380 323 alban
400 271 690 322 vlessmusrtullus
703 269 908 321 -srlsrott
929 271 980 321 XV.
1112 254 1172 318 113

96 409 235 481 omnino
258 408 343 502 quid
369 408 511 481 laudent
535 407 668 502 quidve
692 406 886 501 improbent
910 429 958 478 er
984 428 1087 501 aequo
1112 429 1176 479 ne·

95 529 223 616 sciunt,
250 541 286 602 et
310 553 380 624 qua
404 533 499 602 nulla
522 541 637 624 poetae
663 526 858 623 praesertim
876 531 1017 621 gravior
1035 530 1170 614 iniuria,

95 651 225 746 scripta
244 652 321 724 eius
341 649 596 744 pronuntiando
616 652 771 722 lacerant
795 661 898 743 aupue
924 663 1172 747 corrumpunt:

96 795 176 867 quae
197 797 264 867 ego
285 773 436 858 forsitan,
466 773 534 844 nisi
554 796 611 845 me
630 795 789 847 meorum
813 796 898 846 cura
924 785 1068 847 vocaret
1093 776 1175 861 alio,

95 919 159 992 pro
179 898 270 969 virili
288 907 386 989 parte
402 895 447 967 ab
463 895 531 967 boc
547 894 698 968 ludibrio
718 894 944 969 vindicarem.
965 898 1065 970 Nunc
1081 900 1177 992 qnod

97 1043 205 1091 unum
226 1029 345 1101 restat,
365 1039 495 1111 queror
515 1028 551 1090 et
571 1017 770 1090 stomachor
789 1020 881 1090 illius
908 1022 1086 1112 egregiam
1107 1020 1177 1092 stili

96 1143 244 1214 frontem
253 1141 424 1212 inertibus
439 1141 564 1213 horum
579 1141 707 1233 linguis
726 1141 873 1236 conspui
889 1142 1096 1235 loedarique.
1111 1142 1178 1214 Ubi

98 1286 205 1335 unum
230 1264 327 1356 quod
353 1266 451 1335 locus
475 1265 587 1356 exigit
611 1286 681 1336 non
708 1264 834 1349 silebo,
860 1265 972 1336 luisse
998 1264 1082 1335 mibi
1109 1286 1178 1336 non

98 1386 255 1474 ultimam
275 1407 419 1458 causam
439 1385 530 1458 banc
550 1386 619 1457 stili
645 1386 722 1457 eius
749 1384 951 1468 deserendi,
985 1385 1041 1457 cui
1061 1385 1180 1458 adole-

99 1528 202 1581 scens
217 1507 454 1580 incubueram.
471 1507 584 1580 Timui
600 1507 692 1579 enim
710 1508 745 1579 in
764 1506 850 1579 meis
866 1507 962 1600 quod
979 1507 1015 1578 in
1032 1508 1179 1580 aliorum

99 1629 247 1723 scriptis,
269 1630 514 1723 praecipueque
528 1629 633 1702 huius
646 1630 693 1701 de
706 1650 777 1723 quo
798 1629 981 1722 loquimur,
997 1626 1178 1715 videbam,

98 1773 210 1844 neque
229 1750 455 1824 volubiliores
479 1752 577 1843 vulgi
601 1752 739 1842 linguas
760 1761 821 1822 aut
841 1750 983 1844 spiritus
1006 1726 1203 1823 molliores⁸

100 1870 187 1943 meis
209 1873 244 1940 in
265 1870 372 1944 rebus
393 1873 549 1968 speravi,
572 1892 678 1965 quam
703 1872 739 1943 in
764 1871 901 1942 illorum
927 1881 1063 1956 essent,
1089 1892 1181 1964 qnos

100 2004 259 2067 vetustas
279 2005 315 2066 et
335 1995 562 2090 praescriptus
587 1996 687 2066 lavor
712 1991 858 2064 theatris
879 2014 920 2063 ac
940 1992 1101 2086 compitis
1123 2015 1182 2064 ur-

99 2117 194 2190 bium
215 2117 464 2191 celebrassent.
486 2119 612 2211 Meque
633 2139 703 2188 non
724 2119 854 2188 frustra
873 2115 1034 2186 timuisse
1052 2136 1108 2186 res
1129 2114 1183 2184 in·

101 2240 209 2327 dicat,
231 2239 372 2335 quando
392 2242 427 2310 in
445 2240 502 2312 his
523 2240 610 2335 ipsis
633 2239 762 2334 paucis,
785 2259 865 2332 quae
886 2236 971 2308 milri
986 2235 1183 2307 iuveniliter

100 2384 164 2455 per
184 2363 220 2435 id
241 2375 378 2456 tempus
398 2366 519 2455 elapsa
539 2373 634 2447 sunt,
657 2362 753 2452 vulgi
775 2361 904 2452 linguis
925 2358 1067 2431 assidue
1092 2359 1183 2430 lace·

101 2505 170 2556 ror.
193 2480 381 2570 Indignans
401 2481 566 2575 quodque
590 2482 672 2552 olim
692 2504 894 2553 amaveram
914 2502 1074 2573 perosus,
1095 2501 1183 2574 quo-

103 2602 187 2673 tidie
206 2602 328 2671 nolens
348 2612 384 2671 et
403 2601 544 2691 ingenio
561 2602 671 2673 iratus
688 2623 767 2673 meo
783 2602 818 2672 in
835 2599 1026 2694 porticibus
1048 2622 1181 2673 versor.

103 2721 239 2816 Ubique
263 2722 479 2796 indoctorum
512 2724 623 2807 acies,
655 2723 785 2817 ubique
809 2725 985 2796 Damoetas
1007 2743 1121 2794 meum
1148 2721 1183 2791 in

104 2845 215 2918 triviis
236 2840 359 2918 solitus

263 3036 405 3102 stridenti
423 3032 573 3101 miserum
589 3037 697 3119 stipula
715 3037 889 3119 disperdere
905 3052 1036 3102 carmen.

104 3218 172 3291 Sed
192 3218 261 3290 iam
282 3219 367 3290 satis
389 3222 497 3291 multa
518 3220 563 3293 dc
584 3242 623 3291 re
643 3218 778 3291 modica
800 3240 978 3311 nunquam
1001 3216 1084 3287 mibi
1111 3224 1181 3288 tam

104 3341 197 3413 serio
216 3339 396 3430 agitanda:
422 3364 501 3412 cum
528 3341 618 3411 banc
644 3340 756 3431 ipsam
782 3339 902 3412 horam
938 3339 1077 3409 minime
1108 3360 1183 3410 am-

102 3462 194 3557 plius
208 3461 398 3533 redituram
415 3464 510 3534 curis
527 3464 603 3534 aliis
622 3460 800 3534 deberem:
819 3461 885 3530 nisi
903 3459 985 3553 quia
1001 3461 1183 3531 excusatio

105 3594 163 3655 tua
180 3582 306 3653 horum
331 3584 543 3684 accusationi
567 3584 687 3655 nescio
712 3583 797 3675 quid
824 3581 937 3654 simile
958 3602 1081 3675 sapere
1105 3581 1184 3652 visa

102 3717 167 3777 est.
189 3705 307 3775 Solent
327 3704 421 3775 enim
441 3706 598 3801 plerique
618 3703 703 3774 mibi
725 3705 852 3786 odium,
870 3700 1004 3786 utdixi‚
1025 3703 1081 3772 alii
1102 3722 1185 3773 oon·

105 3838 272 3922 temptum
286 3826 353 3897 viri
366 3827 470 3898 huius
484 3825 642 3909 obiicere,
651 3826 750 3896 cuius
765 3823 869 3894 hodie
882 3822 1021 3893 nomine
1034 3821 1184 3893 scienter

104 3949 271 4035 abstinui,
298 3971 342 4021 ne
367 3949 452 4021 illud
478 3947 636 4018 infamari
663 3945 845 4016 clamitans
871 3957 994 4017 cuncta
1020 3944 1180 4026 audiens,

103 4072 398 4166 nihilintelligens
411 4070 779 4164 vulgusobstreperet.
798 4069 998 4143 Aliiautem
1016 4069 1181 4142 invidiam

228 4205 265 4244 ΙΙΙ.
1009 4194 1025 4239 8
