2670 4688
158 249 196 309 ’ὶῦ
493 258 533 306 ΒΕ
557 258 655 306 uanus
676 258 900 308 lablbltsslssbs

157 418 245 488 quos
272 393 389 464 mirari
415 393 481 462 ista
508 394 619 485 magis
648 404 821 485 stupeam,
847 414 953 484 quam
979 393 1009 462 si
1036 395 1126 484 talpa
1156 414 1240 486 spe-

156 519 272 589 culum
303 502 485 601 mercetur,
512 497 585 588 alas
611 515 688 601 boe,
717 518 848 586 asellus
879 515 1062 600 citharam,
1095 515 1241 587 redimi-

157 641 271 711 culum
295 640 408 724 simia,
430 641 547 711 fucum
567 661 706 713 corvus.
726 639 769 710 Et
785 638 869 731 quid
886 641 1011 733 putas‘l
1028 639 1147 708 Laetus
1165 637 1239 709 abii

156 764 296 856 quando
325 765 464 836 lamiliae
489 763 732 836 herciscundae
765 762 893 834 iudicio
922 783 989 833 una
1018 761 1098 847 illis,
1126 765 1240 835 altera

157 886 238 958 mibi
265 888 373 958 cessit
397 887 433 957 in
459 896 608 980 partem,
635 887 695 977 qui
731 897 789 956 tuo
823 887 919 957 solus
944 886 1057 976 elogio
1083 884 1238 977 scriptus

155 1030 263 1079 eram.
277 1011 344 1092 En,
361 1008 486 1092 amice,
501 1029 644 1078 causam
658 1005 831 1098 pollicitus
850 1005 977 1076 silentii
989 1027 1116 1077 causas
1129 1007 1237 1090 solvi;

155 1131 262 1200 multa
299 1152 391 1200 nunc
429 1129 532 1200 etiam
570 1127 779 1218 scripturus,
818 1127 885 1196 nisi
922 1128 1004 1217 quia
1042 1140 1238 1220 temporum

156 1274 295 1343 premor
320 1250 506 1341 angustiis,
527 1271 617 1341 quas
642 1251 717 1341 ipse
740 1248 823 1319 mibi
843 1252 922 1333 leci,
947 1250 1121 1321 imovero
1140 1274 1240 1324 com-

156 1375 271 1444 munis
300 1372 401 1442 amici
434 1372 669 1444 suauissimus
704 1374 900 1456 convictus,
934 1373 990 1443 cui
1021 1373 1051 1442 si
1082 1374 1239 1446 brevitas
1306 1422 1309 1427 Δ

156 1495 295 1587 dempta
316 1505 427 1575 esset,
451 1503 580 1587 praeter
600 1505 634 1565 te
660 1518 766 1566 unum
788 1495 876 1584 nibil
898 1495 1018 1566 deluit.
1040 1497 1115 1567 Non
1142 1501 1238 1570 sensi

156 1613 305 1686 blandos
326 1625 362 1684 et
382 1615 502 1685 tacitos
523 1615 600 1687 dies
618 1616 697 1688 labi.
720 1618 789 1689 Sed
809 1617 905 1710 quod
926 1618 1059 1689 calamo
1072 1619 1236 1706 vetitum,

158 1737 240 1807 viva
268 1758 336 1808 vox
363 1748 518 1828 peraget.
545 1738 644 1809 Hunc
669 1761 755 1830 ergo
780 1739 904 1811 audies
931 1742 1031 1831 plena
1059 1739 1143 1823 fide,
1176 1743 1238 1834 qui

155 1860 297 1930 omnino
313 1859 399 1951 quid
418 1858 567 1950 cogitem
587 1871 623 1930 et
642 1860 728 1952 quid
746 1882 865 1953 agam,
888 1881 968 1956 quae
990 1864 1060 1933 vita
1074 1885 1153 1934 mea
1172 1864 1235 1948 sit,

155 1982 306 2075 denique
336 1983 396 2074 qui
425 2004 481 2052 me
510 1992 619 2053 toturn
645 1994 680 2054 et
704 2004 827 2056 omnes
847 1989 983 2058 reculas
1000 2009 1041 2058 ao
1072 1991 1234 2080 speculas

91 2182 92 2185 ,
157 2126 254 2174 ineas
275 2104 382 2174 novit.
405 2105 488 2175 Vale
509 2107 619 2176 nostri
641 2127 784 2177 memor.

656 2363 732 2370 -u

569 2574 747 2640 EPISTOLA
770 2575 825 2641 llll.

235 2751 427 2801 l‘lttrlclscus
448 2757 617 2804 barbarica
639 2757 815 2808 raanclsco
837 2757 943 2807 PRIOR!
965 2745 1155 2801 sancroaunr

502 2859 733 2911 Aaosrulollull
754 2863 780 2912 S.
803 2863 830 2909 Ρ.
853 2862 883 2907 b.

214 2994 379 3048 Discessissc
399 2996 518 3050 anticum
534 2999 612 3054 cuius
626 3003 802 3057 nuntiaverat
818 2998 983 3053 adventum:
1004 3008 1034 3046 so
1054 2993 1177 3063 epistolis

467 3085 525 3138 suis
540 3087 700 3157 colligendis
715 3105 829 3163 operam
844 3086 921 3140 dare.

253 3358 327 3427 Non
350 3368 453 3441 tuam,
472 3359 588 3439 faleor,
609 3359 724 3448 legere
741 3357 842 3427 visus
859 3357 1037 3451 epistolam
1059 3382 1151 3442 sum,
1171 3359 1232 3428 sed

156 3480 283 3563 Flacci,
308 3501 386 3551 cum
407 3501 477 3572 quo
498 3480 615 3551 iocans
637 3479 772 3550 Caesar:
792 3481 918 3564 vereri,
937 3480 1058 3577 inquit,
1078 3483 1162 3553 mibi
1181 3482 1232 3548 vi-

155 3598 250 3669 deris
283 3623 327 3671 ne
361 3601 511 3673 maiores
538 3623 595 3672 res
621 3599 727 3674 libelli
755 3602 804 3671 lui
831 3601 911 3686 sint,
941 3627 1047 3696 quam
1082 3605 1157 3693 ipse
1183 3621 1232 3668 es.

156 3721 245 3790 Sanc
271 3744 350 3812 quae
378 3726 424 3795 illi
450 3724 572 3810 deluit,
597 3726 657 3796 libi
676 3726 779 3796 adest
804 3725 988 3797 mediocris
1022 3735 1057 3793 et
1090 3725 1233 3813 elegans

158 3855 299 3914 statura.
323 3847 393 3915 Sibi
416 3872 500 3941 orgo
521 3851 577 3920 vel
600 3848 748 3931 ludicra,
776 3848 836 3919 tibi
856 3869 1018 3941 quaenam
1034 3855 1139 3916 lautae
1158 3844 1235 3915 bre-

158 3968 273 4038 vitatis
294 3974 477 4043 excusatio
498 3978 589 4046 iusta
606 3976 683 4046 est?
700 3974 768 4046 Sed
786 3973 871 4066 quid
888 3972 1034 4064 loquor‘.l
1051 3967 1234 4040 Providisti

157 4093 247 4163 enirn
270 4103 302 4162 cl
322 4113 458 4165 omnent
480 4098 567 4169 banc
584 4099 792 4170 calumniam
813 4098 848 4168 in
868 4093 1052 4187 angustias
1073 4089 1237 4184 temporis
