2670 4688
303 319 395 367 nraen
418 304 944 369 vrcnsruusrannus.-crrsroia
965 321 996 369 u.
1133 305 1191 368 193

112 463 177 532 iam
200 482 267 533 non
290 464 400 554 patria
420 471 478 532 tua
504 473 573 544 est,
601 482 648 531 ex
675 484 753 552 quo·
769 463 920 555 primum
941 462 986 533 ad
1007 463 1190 556 imperium

111 585 313 679 pervenisti,
337 585 511 677 aliamque
531 582 709 654 nascendo
736 595 840 677 atque
858 584 959 655 aliam
975 585 1192 656 renascendo

110 708 254 800 patriam
269 729 308 777 es
327 706 486 798 adeptus.
506 705 642 777 Audisti
659 717 697 776 ut
709 705 912 778 Alexander
930 707 1022 778 idem
1036 707 1189 792 Macedo,

109 851 218 920 regno
236 842 385 923 accepto,
406 850 474 898 non
489 829 702 901 Macedoniae
721 850 760 900 se
778 830 842 901 sed
855 829 975 900 mundi
990 851 1108 920 regem
1124 829 1191 901 dici

108 949 225 1034 iussit,
247 972 358 1041 aquo
381 958 417 1021 ut
437 952 544 1020 motta
565 950 750 1043 praecipiti,
774 951 826 1022 sic
847 973 954 1022 unum
977 951 1042 1021 boc
1064 972 1192 1043 magno

108 1074 224 1142 animo
245 1082 383 1160 gestum
398 1095 468 1144 non
487 1072 630 1144 inficior.
650 1073 746 1144 Idem
766 1097 812 1146 ne
830 1086 865 1147 tu
883 1074 964 1146 olim
982 1075 1116 1157 seceris,
1132 1096 1193 1167 pa-

110 1194 165 1264 trii
188 1196 286 1284 regni
306 1193 459 1266 viduitas
480 1195 678 1281 inhibebat,
700 1197 794 1289 quod
813 1196 908 1269 abitu
931 1208 989 1268 tuo
1004 1197 1122 1295 deseri
1141 1197 1193 1266 vi·
1244 1233 1248 1240 ·

108 1316 271 1398 debatur;
286 1328 321 1388 et
343 1317 472 1410 siquid
490 1317 550 1390 tibi
564 1318 766 1405 humanitus
784 1320 985 1404 accidisset,
1000 1320 1044 1391 ad
1062 1320 1193 1391 alienas

108 1461 233 1509 manus
267 1454 526 1532 perventurum.
558 1442 655 1513 Hanc
682 1463 745 1513 seu
772 1442 898 1512 iustam
933 1463 997 1515 seu
1028 1443 1192 1514 iniustam

107 1562 370 1633 excusationem
395 1561 541 1656 propitia
568 1561 750 1633 divinitate
776 1563 949 1635 sublatam
975 1564 1090 1648 vides,
1112 1583 1192 1656 quae

108 1682 167 1756 tibi
191 1698 226 1756 et
251 1685 397 1778 imperio
428 1685 622 1777 expetitum
651 1686 743 1757 votis
771 1684 937 1757 infantem
963 1707 1011 1756 ex
1043 1698 1194 1778 augusta

109 1808 174 1878 tori
199 1818 361 1881 consorte
392 1809 517 1897 largita
548 1816 615 1879 est.
649 1808 760 1880 Habet
793 1810 860 1878 iam
888 1807 1056 1879 Bohemia
1090 1829 1192 1879 sunm

108 1952 239 2020 regem,
262 1942 299 2000 tu
320 1931 425 2001 tratiae
452 1929 640 2022 mundique
657 1952 739 2015 rex,
760 1939 838 2022 post
860 1941 994 2021 tergum
1017 1928 1194 2021 linquendi

107 2052 201 2124 orbis
216 2054 283 2123 iam
307 2075 469 2136 securus,
485 2062 520 2124 et
534 2053 679 2146 patriam
693 2062 729 2123 et
747 2053 872 2124 sotium
892 2063 988 2123 tuum
1002 2062 1092 2144 pete.
1106 2050 1193 2120 Nam

108 2173 174 2243 etsi
201 2174 394 2247 secundum
422 2176 658 2271 apostolicam
687 2177 892 2248 seutentiam
913 2183 1111 2245 manentem
1136 2173 1194 2246 hic

108 2319 175 2366 non
198 2296 328 2367 habeas
350 2298 545 2382 civitatem,
564 2299 593 2369 si
614 2321 684 2392 qua
706 2298 873 2370 tamenin
893 2297 994 2368 terris
1012 2296 1123 2391 patria
1139 2308 1195 2367 est

109 2427 166 2489 tua
182 2418 335 2509 propria,
352 2419 531 2489 Caesarum
549 2420 692 2503 domus,
711 2441 752 2489 ac
771 2441 854 2489 vera
874 2419 984 2512 patria
1001 2419 1190 2489 Romaest:

107 2541 192 2631 quin
213 2550 248 2608 ct
265 2538 458 2609 communis
476 2542 629 2611 omnium
648 2552 703 2610 est
719 2540 844 2630 patria,
865 2559 980 2608 rerum
1002 2549 1119 2631 caput,
1137 2561 1194 2610 or-

32 2692 41 2715 ·
108 2661 162 2731 bis
177 2670 280 2752 atque
296 2658 431 2730 urbium
449 2661 581 2751 regina,
597 2659 833 2751 nobiliumque
852 2672 919 2729 tam
933 2659 1053 2758 fertilis
1072 2680 1195 2730 exem-

107 2785 260 2874 plorum,
282 2792 321 2854 ut
339 2794 526 2874 conspecta
544 2782 641 2853 facile
659 2782 794 2854 animos
811 2782 942 2853 excitet
963 2781 1192 2876 detergatque

108 2903 313 2993 rubiginem.
342 2904 438 2986 Quas
460 2925 546 2975 vero
572 2926 666 2975 nunc
687 2924 796 2974 morae
816 2924 942 2975 causas
964 2903 1191 2998 aucupabar-c,

106 3025 283 3117 quibusve
303 3024 468 3118 deinceps
491 3035 524 3096 te
542 3025 768 3120 compedibus
788 3036 918 3097 tentum
936 3026 1192 3096 dices‘tNescio

106 3144 192 3236 quid
205 3147 358 3216 Romano
374 3144 531 3217 Pontifici
541 3124 720 3238 pollicitus
733 3147 959 3220 iureiurando
976 3147 1189 3238 interposito,

107 3267 208 3360 quasi
223 3289 323 3335 muro
338 3269 455 3339 vatido
469 3289 533 3338 seu
548 3277 665 3340 monte
682 3269 785 3352 invio,
805 3272 972 3341 Romanae
986 3267 1081 3338 urbis
1096 3267 1193 3339 aditu

108 3385 313 3481 prohiberis.
336 3388 392 3457 Sic
411 3400 446 3459 et
467 3410 604 3458 summo
630 3391 776 3484 principi
803 3412 904 3462 suum
930 3390 1130 3484 imperium,
1156 3399 1193 3459 et
1240 3445 1244 3465 -,

109 3533 247 3582 summo
277 3509 422 3601 imperio
457 3531 544 3580 suus
578 3510 757 3611 princeps,
791 3532 941 3604 quaeque
981 3514 1191 3583 iacturarum

108 3634 261 3703 omnium
283 3631 438 3700 maxima
456 3642 521 3714 est,
538 3642 597 3701 tua
611 3632 672 3701 tibi
687 3633 830 3705 libertas
843 3634 999 3726 cripitur.
1016 3631 1084 3705 Sed
1097 3632 1191 3704 iura-

110 3755 168 3825 sti:
186 3753 279 3848 quod
293 3756 423 3825 utinam
438 3775 508 3823 non
525 3752 687 3824 fecisses!
704 3755 773 3826 Sed
790 3754 912 3826 fecisti.
928 3755 1191 3848 Dispensatione

109 3896 196 3967 opus
221 3887 286 3948 est.
313 3878 404 3962 Quid
430 3879 464 3947 in
492 3878 594 3968 plano
616 3876 785 3946 haesitast
810 3877 920 3959 Quem
944 3898 1036 3947 unus
1063 3876 1187 3961 iunxit,

108 4019 202 4091 saepe
223 4000 328 4085 idem,
352 4023 446 4096 saepe
467 3999 556 4072 atius
577 3996 692 4071 solvit.
719 3997 810 4080 Quid
837 3999 942 4068 refert
959 3998 1052 4070 unde
1071 3998 1190 4071 redeat

108 4119 261 4204 libertas,
285 4123 404 4195 redeat
422 4125 547 4195 modo?
565 4121 630 4204 Qui
645 4119 823 4214 impedivit
836 4121 1014 4214 expediet:
1034 4121 1064 4191 si
1082 4122 1112 4193 is
1127 4143 1187 4191 no

234 4250 269 4289 ut.
842 4240 848 4248 ’
1005 4239 1036 4290 ta
