2670 4688
271 287 365 337 trena
386 285 918 339 vrensruusruurrus.-nr1srota
939 287 1014 338 xvir.
1115 271 1176 336 233

96 434 321 518 negaturum3
342 425 407 497 sed
427 423 533 496 habet
553 422 621 496 sub
639 424 713 495 iure
729 425 866 497 Photini
886 424 1032 497 effeetus
1054 445 1177 497 enses-

97 570 164 641 que
199 568 308 621 suos:
338 547 441 619 doleo
473 559 615 641 propter
641 547 766 640 ipsam,
797 559 939 640 propter
967 559 1016 632 te,
1038 560 1178 642 propter

97 667 227 755 bonos,
258 690 357 741 raros
390 669 484 752 licet,
518 667 668 760 denique
702 680 845 764 propter
875 669 1019 752 ltaliam,
1048 669 1083 739 in
1109 693 1179 764 qua

97 793 252 888 aegyptia
283 794 440 864 monstra
471 812 620 882 regnare
650 791 935 864 molestissimum
961 792 1077 863 animo
1102 815 1180 865 meo

99 925 177 997 est,
209 923 353 1009 propter
385 935 442 986 me
472 923 589 985 autem
621 914 727 986 nibil:
761 916 857 1008 quod
890 926 926 987 et
958 926 1029 987 tem
1062 917 1180 1007 procul

99 1034 182 1108 inde
201 1036 314 1109 absim
337 1046 375 1107 ut
394 1058 450 1109 me
471 1038 537 1110 ista
557 1058 626 1108 non
649 1046 806 1130 tangant,
823 1047 860 1109 el
879 1049 960 1111 ante
979 1059 1090 1111 annos
1107 1039 1183 1131 pln-

102 1161 210 1230 rimos
236 1179 395 1252 praesens
427 1159 522 1253 apud
556 1159 666 1252 ipsam
696 1161 731 1231 in
764 1159 914 1233 oonfinio
946 1161 1119 1258 felicitatis
1142 1181 1184 1232 ae

102 1280 255 1353 miseriae
276 1280 422 1374 positam
442 1280 696 1376 Parthenopem
723 1303 811 1374 pene
831 1284 941 1354 oeulis
963 1285 1091 1354 malum
1118 1280 1185 1354 hoe

102 1426 205 1476 omne
218 1403 449 1497 praeviderim,
463 1413 569 1497 atque
581 1403 940 1498 praedixerim,deque
952 1406 1021 1477 hoe
1032 1406 1185 1498 scripse·

104 1527 169 1597 rim
188 1526 284 1619 quod
306 1548 405 1597 mens
433 1525 531 1597 tulit:
569 1526 712 1620 proinde
744 1525 900 1599 divinum
935 1551 976 1600 ao
1009 1527 1183 1600 sidereum

106 1649 200 1719 illum
235 1671 350 1740 regem
377 1649 459 1720 olim
480 1648 580 1720 terris
607 1659 780 1742 ereptum,
802 1651 891 1720 coelo
912 1648 1097 1736 redditum,
1123 1650 1185 1743 qui

105 1769 320 1862 grandaevus
353 1769 570 1844 iuventutem
605 1792 717 1842 meam
751 1771 913 1864 quamvis
947 1772 1037 1843 ultra
1071 1793 1185 1843 meum

106 1894 284 1977 meritum,
307 1895 409 1986 longe
433 1905 544 1966 tamen
565 1894 650 1965 citra
673 1916 777 1965 sunm
803 1894 1016 1966 desiderium
1042 1916 1090 1981 ac,
1108 1916 1188 1988 pro-
1297 1940 1299 1945 -

109 2015 271 2109 positum,
284 2016 404 2088 nescio
423 2039 528 2111 quam
549 2015 662 2098 claris,
685 2026 780 2088 certe
799 2015 987 2089 admodum
1004 2016 1091 2088 raris
1104 2015 1188 2087 insi-

108 2137 236 2230 gnibus
261 2139 470 2222 honestavit,
490 2160 688 2233 nomenque
708 2139 786 2210 eius
804 2151 840 2212 et
859 2139 1010 2211 cinerem
1032 2149 1068 2210 et
1087 2138 1185 2232 qnid·

108 2262 193 2356 quid
206 2284 271 2333 suo
283 2263 327 2335 de
340 2262 510 2354 sangnine
522 2261 793 2335 ortnmeritfide
806 2274 973 2357 perpetua
984 2261 1187 2334 venerabor.

109 2381 147 2451 ld
167 2405 223 2454 me
244 2383 310 2453 silii
335 2383 521 2476 pollicitum
546 2392 581 2452 et
607 2383 769 2475 implesse
796 2384 883 2464 scio,
907 2395 942 2453 et
967 2383 1187 2475 impleturum

111 2499 235 2567 saltem
269 2516 382 2589 spero.
408 2496 463 2564 Nil
492 2497 538 2568 ad
568 2496 633 2568 hoo
657 2497 858 2570 reeentibus
888 2497 1069 2569 beneficiis
1101 2519 1189 2590 opus

110 2626 178 2701 est,
199 2638 279 2687 cum
299 2614 439 2687 abunde
460 2617 505 2688 sit
528 2626 699 2690 veterum.
721 2617 822 2701 Quod
842 2616 888 2689 ad
910 2627 944 2689 te
963 2627 1080 2689 autem
1097 2616 1190 2689 idem

111 2736 210 2810 dieo:
232 2759 357 2831 nempe
377 2737 472 2829 quod
494 2739 528 2811 in
547 2751 580 2810 te
596 2739 661 2811 luit
677 2738 887 2833 praestitisti,
917 2740 983 2809 elsi
1011 2740 1191 2810 caritatem

112 2861 201 2932 livor
231 2860 371 2947 vicerit,
408 2874 444 2933 ut
477 2883 552 2933 mos
583 2871 653 2948 est,
681 2863 865 2957 cariorque
891 2861 974 2933 mihi
1003 2864 1112 2934 multo
1137 2870 1194 2933 est

111 2983 272 3056 inefficax
294 2981 399 3070 fides,
421 3005 525 3076 quam
546 2985 672 3056 efficax
692 2983 848 3080 perfidia.
874 2983 921 3057 At
945 2985 1040 3079 quod
1066 2985 1111 3058 ad
1131 3007 1193 3056 au-

113 3108 199 3177 licos
220 3129 341 3194 canes,
360 3107 443 3179 nihil
465 3107 544 3179 dieo
564 3109 659 3182 aliud
681 3130 745 3181 neo
764 3109 869 3180 video
889 3108 985 3201 quod
1004 3109 1109 3179 altius
1126 3105 1193 3176 diei

113 3227 242 3322 possit,
264 3229 367 3299 modo
392 3229 474 3299 mihi
499 3231 699 3315 conveniat,
734 3254 839 3324 quam
866 3231 1063 3302 Caesareum
1091 3226 1192 3299 illud:

114 3351 208 3434 rrilril,
229 3351 322 3421 enin
343 3350 464 3444 inquit,
485 3354 571 3422 mato
593 3375 693 3442 quom
712 3364 743 3423 et
763 3375 815 3423 me
834 3353 900 3422 mei
913 3352 1053 3422 siroilem
1072 3369 1139 3418 esse
1164 3359 1196 3418 et

99 3476 187 3544 Altos
206 3474 267 3542 rui.
290 3472 392 3542 Certe
411 3494 478 3562 ego
501 3485 702 3567 paupertate
729 3496 805 3546 mea
832 3473 934 3546 dives
960 3493 1051 3554 sum,
1080 3490 1195 3563 neque

115 3595 151 3668 id
171 3617 250 3667 meo
270 3604 403 3666 tanturn
427 3593 490 3665 sed
511 3597 696 3668 multorum
722 3596 847 3668 iudicio
871 3606 907 3667 et
929 3615 1126 3667 consensu:
1148 3592 1196 3664 illi

116 3718 241 3812 opibus
263 3720 337 3790 suis
359 3717 479 3809 inopes
500 3739 540 3788 ae
564 3717 726 3802 mendici,
761 3734 866 3811 atque
898 3715 1030 3787 utinam
1055 3712 1197 3787 dolituri

117 3840 232 3912 acrius
254 3841 284 3911 si
308 3840 399 3911 scire
424 3850 581 3932 possent,
608 3851 738 3932 quanto
773 3838 856 3909 mihi
891 3837 950 3908 uni
981 3836 1197 3930 tranquillior

116 3963 314 4058 feliciorque
331 3963 407 4036 dies
429 3985 531 4048 unus,
554 3985 658 4057 quam
680 3962 748 4031 illis
770 3957 932 4030 omnibus
955 3970 1024 4032 tota
1044 3968 1099 4031 est
1123 3958 1196 4030 vita

117 4085 265 4161 obsessa
288 4088 383 4162 curis
409 4087 589 4183 pessimis,
626 4083 863 4182 voluptatibus
892 4083 994 4157 loedis
1019 4102 1194 4165 marcens,
