2670 4688
515 241 670 326 uuisioni
691 278 741 326 ux.
1106 265 1167 326 473

85 429 129 497 tis
151 423 294 495 amicior
313 441 419 511 quam
440 419 618 502 Fortunae,
637 421 763 511 quisve
785 440 929 490 suarum
953 441 1070 490 rerum
1093 429 1166 490 eta·

84 560 154 630 tus,
175 556 211 617 et
230 565 311 637 quae
333 561 429 634 spes
457 541 558 612 cuius
584 540 820 612 venerabilem
843 553 1070 634 conspectum
1092 550 1167 613 toto

83 669 151 738 iam
172 666 319 738 triennio
340 671 544 757 exoptatum
575 683 653 735 mea
678 661 764 733 mihi
793 662 905 754 pridie
931 683 1009 735 sors
1030 664 1163 735 invidit.

84 788 168 858 Vale
190 784 299 857 nostri
320 806 463 857 memor.

912 876 952 975 F]
972 916 1064 978 tuus.

228 1026 330 1094 Ticini,
346 1027 478 1082 Kalendis
491 1027 671 1098 Septembris.

180 1201 387 1292 Magistrum
407 1201 641 1272 Fortiauolum
670 1209 827 1270 nostrum
853 1200 940 1270 meis
963 1198 1081 1271 verbis
1100 1220 1164 1273 ore

84 1335 142 1395 tuo
164 1326 351 1395 salutatum
370 1325 485 1395 velim.

486 1713 664 1779 uulsuouu
684 1715 752 1779 LXl.

189 1881 383 1930 FRANCISCUS
405 1881 572 1931 rusulum
593 1883 727 1931 IOHANNI
748 1883 909 1933 PdelENSl
930 1883 957 1932 S.
979 1885 1006 1932 P.
1029 1885 1059 1933 Β.

121 2008 244 2079 Explicat
258 2007 419 2078 allegoriam
434 2024 497 2079 quae
508 2007 601 2063 littera
614 2007 750 2080 superiori
764 2025 793 2064 n.
809 2009 830 2062 L
847 2010 934 2065 relata
948 2009 1115 2064 continetur.

179 2249 327 2321 Uberem
354 2271 509 2320 messum
535 2273 646 2343 parvo
662 2251 706 2322 de
729 2251 862 2322 semine
888 2251 1032 2323 messui.
1050 2247 1163 2319 Arbo-

80 2391 154 2440 rem
179 2393 285 2463 quam
303 2370 382 2440 stilo
401 2371 660 2463 descripseram
680 2374 855 2444 coloribus
882 2372 1095 2463 designasti3
1122 2392 1162 2441 ac

82 2511 268 2559 memorem
291 2491 489 2561 Horatianae
506 2493 688 2562 sententiae
707 2493 765 2562 ubi
786 2494 856 2562 ait:

284 2674 411 2752 Segnius
425 2674 544 2737 irritant
558 2676 675 2738 animos
689 2676 820 2740 demissa
835 2693 890 2758 por
907 2693 997 2740 aures

280 2771 377 2845 Quam
391 2790 461 2852 quae
475 2780 544 2836 sunt
558 2774 653 2837 oculis
668 2775 803 2837 subiecta
818 2774 976 2851 fidelibus,

82 2977 175 3068 quod
192 2977 337 3050 auribus
354 2978 573 3070 ingesseram
593 2980 704 3051 oculis
719 2978 911 3062 subiecisti,
930 3002 999 3050 non
1019 2990 1159 3050 conten·

82 3110 138 3170 tus
159 3103 227 3172 nisi
251 3114 286 3172 et
303 3104 380 3174 eius
401 3104 597 3194 oppositum
616 3102 773 3194 insuper,
795 3112 830 3173 ot
853 3103 955 3173 liuius
981 3103 1063 3172 vitae
1084 3123 1163 3170 are·

80 3244 160 3293 nam
183 3223 372 3295 habitatam
394 3224 600 3296 mortalibus
625 3224 839 3296 addidisses:
870 3225 927 3295 ubi
953 3224 997 3295 ad
1024 3234 1161 3316 tempus

84 3358 270 3437 utrumque
281 3347 619 3440 permixtumetheu
630 3348 636 3416 !
648 3348 834 3439 nouaequis
848 3345 1063 3440 portionibus
1078 3365 1161 3415 con·

80 3473 158 3539 lusa
180 3477 262 3538 sunt
290 3468 418 3551 omnia,
453 3468 686 3539 discernenda
716 3471 924 3553 novissime,
951 3480 986 3538 et
1004 3466 1161 3562 supremi

81 3588 189 3661 flabro
211 3589 328 3660 iudicii
349 3591 561 3684 ventilanda.
577 3591 768 3663 Ostendisti
789 3595 939 3674 realiter,
958 3591 1082 3674 amice,
1105 3612 1160 3658 ar-

80 3711 199 3785 borem
219 3712 281 3782 tibi
303 3712 535 3795 notissimam,
557 3737 676 3805 quam,
701 3727 737 3785 ut
757 3716 802 3788 de
824 3715 973 3806 singulis
994 3711 1159 3785 dubitans

80 3835 322 3929 philosophico
341 3836 487 3906 consilio
507 3836 662 3920 videare,
692 3837 801 3910 verbo
826 3837 914 3909 dicis
935 3835 1157 3926 incognitam.

79 3955 144 4026 Est
162 3981 248 4050 ergo
279 3958 454 4052 (quoniam
476 3956 648 4030 haesitatio
666 3970 724 4031 tua
745 3963 971 4055 interpretem
990 3980 1045 4028 me
1061 3956 1159 4027 vide-

81 4085 138 4149 tur
153 4081 368 4179 exposcere),
388 4091 451 4166 est,
475 4082 625 4174 inquam,
645 4083 748 4155 arbor
765 4084 820 4154 illa
838 4105 942 4175 quam
963 4092 1072 4173 putas,
1094 4103 1158 4149 nor.
