2670 4688
307 291 398 339 trouu
422 289 958 348 vrcestuusuuaurus.—srrsuuun
981 293 1033 340 xu.
1149 281 1206 342 illl

128 437 301 520 omuibus,
325 440 353 508 si
375 440 472 509 solus
493 437 568 507 baec
590 436 774 530 patereris,
797 459 911 530 neque
938 438 1102 520 bumana,
1123 443 1208 533 quin

128 571 162 631 et
181 560 262 633 trita
280 561 371 632 inter
392 558 551 632 homines
571 567 784 650 essentquae
806 569 839 628 te
861 569 1036 651 premunt:
1060 563 1153 634 unde
1168 561 1206 633 lit

129 695 165 753 ut
184 683 433 776 conquiescere
445 679 589 761 dabone,
606 699 766 750 summus
780 679 814 749 in
829 677 895 750 boc
906 702 1065 766 numero,
1081 686 1205 764 fateor,

128 803 191 875 sed
210 824 278 874 non
299 822 400 874 nnus.
422 803 492 873 lam
513 822 601 872 vero
617 800 663 871 de
680 800 871 873 imitatione
890 801 975 895 quid
989 799 1128 874 dicant
1140 808 1209 878 De·

126 923 231 995 buisti
251 923 451 1016 praesagire,
473 921 557 995 dum
581 931 648 993 tam
670 923 739 993 alte
758 921 824 993 alis
849 924 954 992 animi
977 934 1011 995 te
1032 925 1206 998 sublatum

126 1065 301 1128 cerneres,
324 1065 500 1136 nunquam
524 1042 585 1113 tibi
606 1041 790 1114 delaturos
818 1045 1020 1116 imitatores.
1046 1046 1207 1120 Gauden-

127 1171 209 1240 dum
232 1188 318 1238 vero
339 1169 440 1238 talem
463 1177 496 1239 te
515 1167 570 1238 oui
595 1167 691 1237 multi
725 1165 857 1238 similes
891 1165 966 1238 lieri
993 1168 1115 1253 velint,
1144 1172 1208 1243 sod

128 1292 316 1362 nonmulti
339 1291 483 1385 possint.
504 1287 596 1373 Quid
628 1289 662 1358 ni
698 1301 813 1361 autem
847 1288 1004 1381 gaudeas
1039 1303 1076 1362 tu
1107 1293 1206 1384 primi

127 1434 267 1506 semper
293 1422 412 1484 certus
436 1413 516 1493 loni,
545 1432 624 1482 oum
651 1433 720 1503 ego
745 1412 889 1484 ultimus
916 1409 1094 1484 bominum
1120 1436 1208 1507 gau·

125 1535 243 1618 deam,
262 1557 328 1607 neo
348 1534 502 1625 gaudere
524 1546 583 1606 snt
607 1544 675 1616 est,
704 1536 835 1625 glorier
857 1555 1013 1628 quoqne,
1039 1538 1124 1607 tanti
1151 1554 1209 1612 me

126 1680 219 1729 nunc
240 1656 333 1741 fieri,
357 1669 395 1728 ut
414 1657 620 1750 sitaliquis,
644 1660 674 1727 si
696 1667 813 1729 tumen
825 1664 881 1728 est
897 1659 1041 1751 aliquis,
1056 1661 1115 1752 qni
1131 1660 1208 1731 imi·

127 1781 191 1850 tari
208 1792 304 1872 optet
321 1802 362 1852 ac
383 1777 527 1871 fingere,
547 1778 630 1849 illud
653 1779 765 1871 magis
786 1781 976 1870 gavisurus
995 1784 1082 1855 tales
1096 1783 1206 1855 imita-

127 1911 221 1970 tores
241 1903 316 1971 lore
330 1901 390 1992 qui
412 1921 470 1972 ma
490 1903 798 1993 superentlatque
812 1902 907 1973 illum
929 1923 996 1971 non
1013 1903 1204 1996 Apollinem

128 2033 239 2104 ιιιιιιιι,
268 2022 331 2094 sed
357 2043 472 2094 nterim
500 2043 625 2094 verum
651 2021 781 2113 ingenii
805 2023 915 2094 Deum
945 2043 1084 2115 precor,
1113 2037 1150 2096 ut
1176 2027 1205 2096 si

125 2143 205 2235 quis
228 2165 282 2215 me
308 2144 500 2216 imitatione
525 2144 670 2235 dignum
697 2142 852 2229 duxerit,
881 2143 959 2215 nisu
985 2146 1074 2216 laoili
1099 2168 1204 2240 quem

126 2265 283 2358 seqnitur
301 2278 538 2358 consequatur
550 2288 591 2338 ao
609 2277 773 2338 transeat.
790 2267 864 2358 Ego
882 2288 1017 2339 mecum
1032 2267 1119 2341 bene
1131 2271 1206 2361 glo-

126 2389 217 2458 riose
239 2388 450 2480 lelioiterque
471 2387 526 2476 agi
549 2385 704 2466 credam,
721 2387 749 2457 si
770 2410 817 2457 ex
836 2389 956 2459 amieis
977 2390 1092 2480 (nemo
1112 2390 1204 2461 enim

125 2509 191 2577 nisi
213 2514 309 2579 umet
329 2506 531 2597 imitabitur)
552 2508 682 2577 multos
708 2507 790 2576 mibi
817 2528 936 2599 pares,
958 2510 1206 2602 aliquantoque
1233 2518 1238 2528 '

126 2627 258 2698 felicius
280 2628 310 2699 si
330 2628 530 2719 superiores
550 2647 737 2720 aspexero,
764 2628 894 2719 quique
913 2648 958 2698 ex
973 2627 1204 2701 imitatoribus

125 2750 195 2818 sint
215 2749 377 2820 victores.
398 2748 434 2817 Si
454 2747 547 2820 enim
568 2747 718 2839 genitor,
733 2745 849 2818 earnis
863 2744 970 2819 lilium
986 2768 1025 2819 se
1040 2751 1203 2821 maiorem

124 2871 231 2967 euml,
253 2871 338 2965 qnid
358 2869 627 2966 optamdebeat
646 2882 744 2964 pater
764 2870 917 2961 ingenii?
941 2872 992 2944 Tu
1012 2872 1073 2966 qui
1097 2873 1205 2945 maio·

125 3015 198 3065 rem
220 2996 459 3088 victoremque
476 3015 544 3066 non
559 2995 695 3078 metuis,
712 2993 904 3065 imitatores
921 2995 1128 3088 aequauimis
1141 2997 1202 3066 ler.

125 3116 341 3209 Quamquam
359 3129 395 3189 et
413 3117 459 3188 de
481 3116 628 3188 victoria
646 3115 736 3186 inter
759 3128 791 3188 te
812 3129 939 3188 eteum
954 3117 999 3189 de
1012 3139 1083 3212 quo
1096 3120 1204 3192 multa

124 3238 281 3329 quereris
307 3239 506 3329 Virgilium,
541 3239 575 3309 in
609 3237 708 3309 libris
736 3240 970 3310 Saturnalium
1005 3241 1202 3331 magnalis

123 3357 287 3451 pendeat,
309 3370 345 3430 et
364 3362 506 3452 quidam
525 3373 707 3456 propterea
730 3369 926 3432 nostrorum
949 3360 1040 3433 inter
1060 3379 1124 3431 vos
1138 3361 1203 3433 dn-

126 3480 216 3550 biam
236 3484 386 3573 palmam
409 3485 532 3568 velint,
554 3485 611 3555 alii
631 3492 761 3554 certam
780 3481 826 3552 illi
840 3479 994 3552 tribuant
1008 3479 1200 3565 victoriam

123 3603 216 3694 quod
238 3625 306 3675 non
329 3612 397 3674 tam
421 3615 458 3675 ut
476 3607 684 3698 cuiusquam
698 3604 884 3676 sententiaa
905 3604 1039 3675 laveum
1061 3615 1121 3674 aut
1139 3603 1202 3676 ad-

125 3746 260 3811 versor,
282 3750 388 3820 qnam
411 3738 449 3799 ut
468 3728 563 3798 noris
584 3727 668 3819 quid
689 3725 732 3797 de
754 3736 788 3797 te
808 3725 1014 3818 posteritas,
1035 3734 1072 3795 et
1095 3747 1200 3818 quam

126 3846 221 3918 varie
242 3849 367 3930 sensit,
394 3847 553 3941 apposui,
568 3846 622 3916 Ex
642 3846 696 3916 bis
716 3856 831 3917 antem
853 3843 1044 3916 admoneor
1063 3854 1101 3916 ut
1120 3858 1200 3920 unte

122 3989 226 4059 quam
247 3970 385 4061 longius
403 3968 525 4042 abeam
549 3969 731 4058 Virgilium
746 3970 874 4062 ipsum,
897 3968 998 4040 cuius
1016 3969 1139 4055 anima,
1163 3983 1199 4042 ut

126 4089 269 4164 Flaccus
300 4096 361 4177 ait,
390 4115 458 4166 non
490 4091 734 4190 candidiorem
754 4092 855 4163 aliam
887 4102 977 4164 torm
1003 4092 1090 4175 tulit,
1119 4092 1195 4175 tibi,
