2834 5086
167 735 226 797 524
507 751 666 799 arrarum
687 751 902 802 urrruuanuu.

165 893 319 962 clausam
355 890 538 977 Venusini,
573 904 608 964 et
637 903 776 985 apertas
803 893 911 964 ltaliae
932 896 1044 966 valles
1065 898 1241 988 collesque

166 1012 415 1105 pulcherrimos
434 1025 470 1083 et
490 1013 596 1085 urbes
621 1015 877 1086 amoenissimas
904 1037 945 1086 ac
973 1018 1241 1089 florentissimas

166 1134 311 1205 intersit.
329 1135 372 1205 Et
390 1145 505 1206 tamen
526 1136 609 1208 vide
628 1147 798 1229 quantum
819 1147 923 1209 vetus
944 1140 1160 1211 consuetudo
1181 1162 1243 1211 va-

166 1260 223 1328 let.
257 1257 382 1329 Adhuc
407 1257 452 1328 ad
477 1259 570 1328 illam
596 1261 723 1329 vallem
757 1281 914 1330 remeare
946 1283 1016 1332 non
1049 1283 1179 1346 renato,
1212 1263 1242 1333 si

166 1391 280 1450 tamen
314 1379 483 1451 honestus
507 1380 555 1449 ibi
577 1382 661 1450 vitan
686 1381 811 1450 modus
844 1382 1052 1464 ostenditur,
1076 1383 1135 1473 qui
1156 1396 1243 1476 quo·

165 1502 256 1573 niam
291 1500 427 1572 ostendi
462 1504 556 1572 nullo
584 1513 685 1595 pacto
712 1512 842 1595 potest,
865 1503 966 1574 etde
988 1525 1025 1574 ra
1045 1503 1242 1588 certissima

86 1661 89 1670 ·
165 1627 269 1695 nimis
288 1626 347 1696 diu
368 1624 520 1716 disputo,
543 1624 632 1710 ideo,
654 1626 770 1710 frater,
792 1635 891 1696 tuum
913 1637 949 1695 et
968 1625 1137 1696 Mainardi
1160 1647 1242 1696 con-

165 1747 278 1817 silium
297 1748 372 1817 sine
393 1746 611 1819 haesitatione
630 1749 858 1838 complector,
877 1756 913 1817 et
929 1745 1100 1818 ambobus
1119 1747 1242 1819 videor

164 1871 302 1963 proprie
323 1868 509 1940 admodum
531 1889 763 1961 responsurus
789 1869 863 1939 Iulii
897 1869 1049 1939 Caesaris
1079 1871 1243 1962 exemplo

163 1994 225 2086 qui
245 1993 354 2087 Oppio
376 1993 602 2084 Cornelioque
617 1966 782 2075 'scribens
805 1991 957 2074 consitio,
984 1990 1109 2084 inquit,
1138 2002 1243 2061 vestro

164 2125 239 2184 utor
256 2116 402 2196 libenter,
424 2127 455 2183 et
471 2115 529 2183 hoc
551 2116 715 2184 lubentius
741 2112 827 2203 quod
850 2135 923 2182 meo
947 2126 1063 2206 sponte
1081 2115 1189 2203 fucere
1209 2111 1245 2184 iat

165 2240 396 2307 constitueram
416 2246 451 2307 et
471 2235 521 2306 sio
542 2237 576 2305 in
599 2235 721 2306 litteris
742 2234 882 2306 dicere:
905 2237 954 2307 sic
974 2237 1240 2320 constitueram,

166 2361 215 2431 sio
234 2361 372 2441 faciam,
396 2380 508 2450 eoque
529 2360 685 2429 securior
705 2358 799 2448 quod
826 2359 929 2429 video
961 2380 1096 2430 mecum
1123 2360 1242 2430 talium

165 2483 354 2552 amicorum
380 2479 592 2550 concordare
618 2479 838 2549 sententiam.
860 2480 935 2549 Non
957 2479 1026 2562 ibo,
1050 2480 1118 2548 nisi
1138 2480 1241 2563 forte,

165 2601 259 2693 quod
279 2621 348 2670 non
371 2620 486 2690 spero,
510 2602 670 2669 Socrates
698 2599 755 2668 ille
781 2618 880 2668 mens
907 2588 1160 2667 efficacioribus
1187 2619 1244 2667 me

164 2719 310 2790 vocibus
333 2721 525 2789 excitaret:
545 2718 760 2810 consilioque
787 2731 907 2789 vestro
932 2718 965 2786 iu
987 2718 1093 2789 ltaliae
1114 2715 1242 2788 finibus

145 2848 304 2911 >aetatem
326 2861 438 2930 agam.
460 2827 552 2910 Vita¹
571 2838 673 2920 enim,
696 2846 735 2909 ut
755 2859 866 2931 spero,
889 2839 956 2910 erit
972 2839 1029 2909 hic
1042 2837 1241 2921 iucundior,

169 2972 206 3034 et
249 2984 344 3033 mors
381 2961 527 3045 felicior,
562 2969 597 3034 et
630 2963 776 3033 suavius
822 2963 1037 3054 sepulcrum,
1076 2960 1178 3032 sicuti
1209 2962 1244 3032 in

164 3086 316 3177 quodam
339 3089 413 3157 loco
433 3085 569 3157 dixisse
595 3107 650 3156 me
671 3086 800 3181 recolo,
834 3093 872 3155 et
896 3092 935 3153 ut
960 3104 1016 3154 me
1040 3083 1155 3175 ipsum
1182 3081 1244 3151 ali-

165 3209 305 3299 quando
325 3207 485 3299 incipiam
503 3209 671 3298 allegare,

683 3357 750 3430 post
765 3351 869 3431 praelia
887 3359 966 3414 tauta

323 3450 465 3513 Fortunae
482 3450 614 3512 Ausonia
632 3450 738 3512 saltem
757 3449 864 3511 tellure
880 3447 1016 3521 recondi,

326 3551 417 3612 Dulce
435 3549 524 3623 mihi,
542 3557 571 3610 et
588 3548 693 3626 patriis
711 3547 835 3624 longum
852 3545 1046 3622 requiescere
1064 3543 1161 3619 saxis,

326 3647 459 3725 Seraque
475 3663 545 3708 cum
563 3647 667 3724 fragile
686 3645 841 3707 tumulum
856 3639 1046 3705 convulserit
1063 3647 1135 3703 retas

324 3745 436 3808 Leuius
453 3745 596 3825 Hesperia
613 3744 688 3806 cinis
704 3744 752 3804 hic
770 3741 932 3823 agitabitur
949 3756 1034 3801 aura.

165 3929 236 3998 Vos
256 3928 372 4008 etiam,
395 3928 536 4007 iratreS,
561 3947 624 3996 vos
644 3927 746 3995 etiam
775 3923 859 4007 huo,
882 3921 911 3991 si
939 3943 1008 4014 qua
1034 3920 1161 4011 quietis
1188 3927 1242 3989 est

165 4071 261 4134 cura,
284 4050 462 4121 dissolutis
485 4050 540 4119 vel
561 4049 675 4140 potius
696 4045 864 4117 abscissis
890 4040 1153 4134 occupationum
1181 4059 1242 4107 ve·
1329 4063 1330 4067 ¹

167 4181 315 4243 strarum
338 4170 485 4263 laqueis,
508 4170 711 4240 festinanter
736 4166 886 4237 dicerem
909 4164 1036 4242 venite,
1059 4173 1094 4231 et
1115 4159 1239 4231 videte.

167 4293 235 4363 Sed
256 4295 402 4364 venistis
431 4302 467 4363 et
494 4291 643 4362 vidistis.
671 4290 757 4370 Quae
784 4287 813 4356 si
839 4284 940 4356 vobis
974 4285 1071 4375 regio
1102 4304 1156 4353 me
1182 4279 1250 4351 ab:

168 4424 268 4484 sente
289 4437 398 4508 nsque
420 4415 509 4486 adeo
535 4413 678 4505 placuit,
709 4410 793 4502 quid
819 4409 948 4478 faceret
975 4427 1029 4475 me
1057 4413 1240 4496 praesente,

261 4566 268 4594 ¹
285 4565 345 4626 Qua
354 4576 494 4632 sequnntur
504 4564 630 4619 lncodice
640 4562 820 4617 meerlulauo
832 4559 1016 4613 desiderantur.
