2670 4688
592 223 750 272 titillavit

542 547 717 613 epistota
739 548 795 611 LX.

250 720 447 771 Futdctscds
469 719 638 768 tutatuta
659 719 757 767 ,110010
778 719 951 772 elenensi
976 726 1007 775 S.
1034 729 1066 777 P.
1092 732 1125 780 b.

210 863 272 917 Duo
286 861 326 915 illi
340 861 473 932 opuscula
488 860 571 914 mittit
584 860 618 914 de
633 859 735 931 quibus
750 860 886 915 iudicium
904 880 1004 921 suum
1021 871 1162 941 exquirit.

224 1098 297 1167 Tua
316 1095 432 1166 brevis
448 1119 487 1168 ao
500 1097 612 1167 dulcis
626 1097 770 1187 epistola
787 1095 873 1164 mibi
893 1121 1047 1188 graves
1068 1105 1166 1178 inter
1183 1111 1234 1178 cu·
1288 1096 1291 1205 l

126 1240 195 1300 ras
210 1220 311 1309 quasi
324 1218 433 1289 densa
448 1219 537 1289 iuter
552 1219 679 1300 nubila,
690 1218 931 1289 suavissimus
945 1222 1106 1297 hiberni
1124 1230 1234 1301 radius

125 1340 559 1432 solisatlulsit3iuquacum
574 1350 673 1430 grata
687 1340 1002 1427 siutomuia,uibil
1019 1360 1084 1419 est
1099 1375 1233 1423 novum.

125 1464 271 1555 Semper
284 1483 369 1552 erga
383 1485 438 1533 mo
458 1464 558 1532 talem
573 1463 681 1532 luisse
697 1472 729 1532 te
745 1463 901 1532 memini:
923 1471 1097 1554 gratiam
1118 1474 1233 1553 babeo,

124 1595 230 1676 atque
246 1585 377 1656 utinam
405 1596 444 1654 ut
469 1586 585 1656 auimo
602 1584 709 1655 iuuoti
727 1605 850 1653 sumus
872 1584 928 1655 sic
957 1589 1082 1663 simul
1121 1597 1235 1666 vivere

124 1706 292 1778 licuisset.
324 1707 463 1778 Meliore
489 1717 605 1776 autem
632 1707 742 1775 nostri
775 1713 889 1797 parte,
919 1713 1112 1798 quoniam
1150 1728 1235 1787 utra·

123 1849 192 1918 quc
214 1829 373 1910 vetitum,
397 1826 499 1897 simul
520 1827 669 1907 erimus,
692 1849 733 1897 ea
752 1826 882 1898 scilicet
903 1851 1009 1919 quae,
1029 1834 1098 1904 ubi
1116 1861 1159 1910 se
1173 1840 1235 1907 vir·

124 1951 189 2020 tuti
212 1948 359 2029 subiicit,
379 1949 542 2019 Fortuuae
556 1948 700 2042 imperio
713 1958 876 2038 exempta
890 1959 960 2017 est.
977 1951 1098 2034 Quod
1113 1971 1235 2029 estre

122 2070 271 2161 liquam:
290 2068 443 2152 videbis,
466 2071 592 2152 amice,
614 2070 698 2138 dum
719 2090 767 2138 ex
787 2069 975 2141 commodo
1006 2073 1146 2150 licebit
1170 2080 1235 2151 duo

122 2190 179 2259 illa
192 2192 361 2281 opuscula
378 2192 544 2280 ingenioli
560 2194 641 2271 mei,
665 2212 746 2284 quae
764 2192 860 2261 varie
880 2191 1054 2281 allectus
1079 2205 1234 2275 alterum

122 2309 225 2380 nimis
242 2310 377 2382 ardenti
399 2312 515 2382 auimo
533 2313 675 2397 dictavi,
697 2317 842 2385 alterum
866 2312 974 2384 nimis
1004 2319 1109 2409 leui,
1138 2340 1178 2399 et
1194 2326 1235 2396 ab

122 2432 216 2505 omui
243 2435 349 2504 sermo
376 2456 494 2505 rerum
519 2435 751 2507 humanarum
773 2436 1046 2528 participatione
1073 2460 1231 2528 semoto,

122 2555 286 2649 quodque
300 2559 335 2627 iu
356 2567 503 2650 utroque
520 2557 581 2628 tibi
598 2557 822 2651 displicuerit,
842 2557 924 2626 mibi
940 2578 1123 2638 seorsum
1140 2571 1233 2641 indi-

122 2676 229 2748 cabis.
248 2679 282 2748 Si
304 2679 388 2771 quid
410 2701 494 2751 vero
511 2679 688 2771 placuerit,
703 2699 888 2770 generosae
900 2690 1009 2770 atquc
1024 2690 1144 2777 agilis
1160 2703 1230 2764 tum

122 2821 249 2870 manus
268 2802 468 2883 ministerio,
482 2811 520 2871 ut
537 2803 642 2885 soles,
658 2800 827 2893 quosdam
846 2804 940 2873 velut
954 2806 1157 2882 stellarum
1175 2836 1229 2884 ra-

122 2923 199 2994 dios
217 2923 413 3008 adhibebis,
436 2923 564 3015 quibus
586 2946 655 2994 nou
672 2925 749 2993 aliis
764 2934 907 3006 tautum,
923 2921 986 2993 sed
1003 2927 1097 2998 mihi
1114 2935 1226 3003 etiam

122 3069 180 3118 res
203 3048 278 3140 ipsa
301 3048 345 3117 sit
366 3048 510 3137 gratior.
529 3048 566 3115 lu
587 3069 658 3138 quo
684 3046 772 3129 vide,
800 3067 871 3130 oro,
894 3045 1094 3136 diligenter
1117 3077 1167 3125 ne
1191 3067 1223 3126 te

122 3190 220 3238 amor
241 3170 336 3238 lallat
356 3167 416 3259 qui
436 3165 660 3240 doctissimos
693 3167 761 3237 iam
795 3168 924 3238 fefellit.
963 3166 1072 3257 Vulgi
1111 3185 1222 3245 vetus

124 3303 178 3363 est
199 3290 362 3361 verbum:
385 3293 592 3383 complacet
625 3291 748 3360 histrio
782 3303 906 3382 gestus
940 3291 1093 3384 placent.
1120 3297 1221 3369 Cave

122 3438 207 3503 ergo
224 3437 267 3483 ne
283 3413 387 3483 nimis
404 3416 510 3484 multa
533 3413 704 3505 signando
724 3415 860 3482 aemulis
873 3412 1001 3485 uostris
1015 3435 1219 3504 argumen-

124 3549 194 3607 tum
228 3535 389 3630 prmbeas
419 3535 478 3605 tibi
505 3536 564 3605 tali
592 3536 666 3605 viro
698 3535 887 3606 mediocria
921 3536 1115 3627 placuisse.
1147 3544 1218 3614 De·

125 3683 218 3731 tuum
253 3659 321 3730 illis
344 3659 447 3729 modo
474 3659 615 3750 signum
642 3659 800 3751 imprime
824 3679 904 3750 quae
931 3659 985 3727 vel
1005 3656 1051 3727 ab
1073 3660 1214 3751 ignoto,

124 3786 179 3852 vel
201 3783 245 3852 ab
266 3784 368 3853 boste
386 3785 489 3853 etiam
510 3781 603 3852 dicta
624 3781 803 3853 laudares:
825 3801 905 3872 quae
924 3799 1034 3871 pauca
1054 3780 1103 3850 ibi
1128 3807 1216 3857 esse

123 3927 192 3973 nou
210 3905 340 3976 dubito.
364 3906 450 3976 lllud
476 3906 592 3976 itidem
615 3927 737 3997 precor
754 3904 934 3976 certiorem
959 3924 1014 3973 me
1042 3912 1081 3972 ut
1098 3906 1215 3980 lacius

125 4028 206 4119 quid
229 4028 300 4116 agit
320 4031 515 4101 communis
549 4028 697 4111 domina,
725 4024 869 4101 illustris
894 4024 1020 4095 mulier
1037 4035 1073 4095 et
1095 4029 1214 4104 virtu·
