2670 4688
287 287 377 334 uranu
403 288 937 345 vrcusmusuuuurts.-cursuum
961 289 992 337 u.
1115 275 1169 338 bol

97 431 150 500 rel
175 429 203 499 si
231 452 300 521 quo
327 429 429 500 morlo
456 449 595 521 posses,
631 431 797 501 Tullianae
824 432 1027 503 constantiae
1048 455 1175 526 propu-

95 561 219 642 gnator
246 549 360 620 lieres.
383 548 504 623 Laudo
526 551 689 633 animum,
712 573 752 622 ac
772 555 944 644 postulata
967 555 1174 636 transmitto,

95 670 188 743 dictu
211 671 367 741 mirabile
389 658 530 743 vincere
548 684 723 756 metuens,
743 673 836 744 vinci
855 675 988 744 volens.
1007 675 1052 744 At
1069 697 1175 747 unum

96 791 260 865 noveris:
283 793 311 871 si
339 793 464 877 vincis,
501 794 580 885 plus
615 792 673 862 tibi
707 793 837 884 negotii
864 814 1049 886 superesse
1071 818 1176 886 qoam

97 929 220 1008 putas:
255 917 329 1009 pari
361 918 490 986 etenim
523 904 639 987 duello
668 915 824 986 Anuaeus
851 916 983 985 Seneca
1011 924 1043 986 to
1068 917 1179 1010 poscit

97 1038 272 1121 athletam,
287 1059 390 1130 quem
406 1037 566 1131 proxima
580 1038 711 1109 scilicet
723 1037 834 1130 carpit
845 1038 1000 1130 epistola.
1017 1038 1100 1109 Lusi
1112 1060 1179 1130 ego

98 1183 178 1230 cum
201 1158 257 1229 his
278 1160 414 1251 magnis
436 1158 598 1250 ingeniis,
616 1159 800 1231 temerarie
816 1159 970 1242 forsitan,
986 1158 1047 1230 sed
1061 1180 1178 1230 aman-

99 1294 164 1364 ter,
189 1278 252 1351 sed
272 1280 444 1363 dolenter,
468 1278 538 1352 seb
553 1294 591 1379 ut
612 1302 690 1353 reor
711 1304 810 1366 vere,
826 1282 1011 1374 aliquanto,
1027 1284 1177 1376 inquam,

99 1405 221 1479 verina
250 1424 355 1495 quam
389 1405 527 1473 vellem.
561 1400 669 1475 Multa
702 1426 756 1475 me
790 1404 823 1473 in
861 1405 929 1474 illis
949 1403 1178 1487 delectabunt,

98 1526 210 1618 pauca
243 1523 439 1598 turbabant.
466 1527 515 1596 De
541 1523 596 1596 bis
622 1525 685 1598 luit
711 1527 860 1620 impetus
896 1536 933 1597 ut
966 1525 1178 1607 scriberem,

97 1653 158 1742 qui
180 1651 284 1723 bodie
305 1651 393 1722 forte
412 1670 481 1721 non
502 1659 609 1720 esset.
631 1649 800 1734 Quamvis
824 1648 917 1720 enim
944 1648 1020 1720 baec
1041 1659 1181 1744 propter

98 1772 414 1850 dissimilitudinem
439 1772 598 1845 materiae
624 1770 671 1842 ad
695 1782 855 1843 extrema
881 1771 1073 1854 reiecerim,
1100 1782 1181 1844 ante

100 1893 241 1981 longum
263 1903 377 1964 tamen
400 1902 537 1983 ternpus
557 1891 793 1964 excuderam:
820 1891 936 1964 adhuc
961 1891 1103 1983 quidem
1129 1892 1181 1961 vi-

100 2034 217 2084 rorum
238 2013 356 2084 talium
380 2014 551 2085 fortunam
577 2013 693 2095 doleo,
721 2012 874 2084 sednon
897 2013 1012 2096 miuus
1032 2014 1179 2108 culpem.

99 2133 170 2205 Nec
192 2144 226 2204 te
244 2146 429 2229 praetereat
448 2156 517 2206 nou
538 2155 595 2206 me
616 2135 760 2206 Senecae
781 2134 902 2219 vitam,
925 2144 984 2207 aut
1005 2133 1180 2207 Ciceronis

98 2278 185 2348 erga
220 2254 480 2349 Rempnblicam
509 2256 677 2330 damnare
701 2257 928 2351 propositum.
963 2256 1060 2328 Neve
1088 2255 1179 2329 duas

102 2381 178 2450 lites
197 2379 356 2449 misceas.
379 2379 429 2448 De
449 2378 616 2451 Cicerone
637 2400 730 2449 nunc
750 2379 878 2469 agitur,
897 2400 1001 2473 quem
1033 2382 1181 2470 vigilan-

100 2502 273 2571 tissimum
310 2509 414 2590 atque
446 2499 615 2593 optimum
644 2509 680 2569 et
712 2501 898 2570 salutarem
932 2503 1111 2572 consulem
1140 2523 1181 2572 ac

100 2643 240 2714 semper
259 2619 536 2692 amantissimum
561 2619 681 2711 patriae
701 2620 814 2692 civem
837 2623 930 2691 novi.
958 2621 1049 2704 Quid
1074 2627 1182 2712 ergo?

101 2744 244 2815 Varium
264 2742 300 2813 in
321 2743 481 2815 amicitiis
502 2745 664 2826 animum,
687 2752 725 2814 et
743 2763 791 2813 ex
808 2740 947 2814 levibus
964 2743 1082 2813 causis
1099 2741 1181 2813 alie·

101 2870 257 2942 nationes
277 2868 508 2960 gravissimas
529 2882 634 2961 atque
655 2866 838 2960 pestiferas
859 2864 938 2950 sibi,
966 2877 1001 2939 et
1026 2867 1111 2938 nulli
1130 2865 1180 2938 rei

102 2994 218 3076 utiles
245 2995 279 3062 in
312 2992 544 3065 discernendo
577 2991 721 3085 insuper
754 3011 820 3063 suo
852 3011 894 3062 ac
927 2989 1063 3082 publico
1088 3000 1181 3062 statu

100 3116 263 3188 iudicium
285 3116 420 3209 reliquo
437 3116 484 3211 illi
503 3137 567 3188 suo
584 3115 695 3208 impar
711 3114 883 3186 acumini:
903 3114 948 3184 ad
965 3123 1179 3205 postremum

101 3237 177 3308 sine
197 3239 309 3308 lructu
331 3237 482 3308 iuvenile
506 3235 693 3307 altercandi
720 3235 873 3306 studium
902 3234 934 3303 in
961 3254 1046 3304 sene
1070 3232 1181 3326 philo-

102 3360 212 3452 sopho
232 3381 301 3429 non
322 3356 441 3440 laud0,
463 3380 612 3450 quorum
635 3356 730 3440 scito,
754 3378 868 3449 neque
889 3366 931 3440 te,
948 3377 1060 3448 neque
1073 3357 1178 3427 alium

100 3477 291 3572 quemlibet
317 3499 458 3569 aequum
484 3477 632 3549 iudicem
664 3476 738 3550 lieri
771 3498 888 3568 posse,
917 3475 983 3546 nisi
1017 3475 1178 3547 omnibus

101 3600 277 3674 Ciceronis
298 3599 469 3692 epistolis,
491 3601 585 3673 unde
606 3621 648 3670 ea
669 3600 710 3670 lis
731 3601 855 3683 oritur,
880 3620 946 3669 uon
965 3621 984 3670 a
1004 3609 1180 3677 transcur-

102 3734 199 3796 rente
220 3723 392 3815 perlectis.
415 3722 511 3792 Volo.

245 3877 292 3931 lll.
311 3875 376 3932 liius
393 3876 486 3930 Maias,
506 3874 543 3928 Ex
560 3875 666 3928 itincre.
