2670 4688
238 287 331 338 aman
354 287 862 341 vrcusruusmmus-nrrsrom
884 289 947 338 xrv.
1081 274 1138 338 tot

61 426 205 519 Crispus
226 425 290 496 ait:
311 445 426 494 eorum
446 426 504 518 qui
521 428 615 515 scere
634 428 740 495 uirtus
760 435 855 494 tanto
874 425 1011 494 hahetur
1034 446 1142 517 quan-

61 559 130 618 tum
150 569 224 618 eam
243 548 356 620 verbis
370 558 508 639 potuere
534 549 692 618 coutollere
712 548 878 639 proeclcro
902 548 1050 634 inuenio.
1073 544 1141 617 Sed

60 673 198 743 illorum
218 671 365 741 evidens
391 680 426 742 et
452 693 553 756 vera,
581 670 686 742 huius
712 681 828 740 autem
854 668 993 761 dequo
1018 670 1143 761 loquor

60 796 205 865 occultae
224 793 371 864 haeresis
393 804 555 887 suspecta
576 791 748 865 sententia
767 803 833 864 est.
853 790 902 861 llli
920 790 1012 861 enim
1033 790 1078 862 de
1100 791 1142 862 iis

61 928 171 1007 agunt
193 916 323 1009 quibus
350 915 479 987 virtute
512 916 622 1008 gloria
646 916 831 1008 quaeritur,
853 913 1055 1007 quibusque
1083 935 1144 986 su-

60 1060 217 1129 premum
238 1038 377 1109 virtutis
405 1058 494 1130 opus
517 1048 573 1109 est
605 1037 746 1110 maioris
776 1046 889 1132 poetae
919 1037 1064 1108 consilio
1093 1038 1144 1108 fa-

60 1180 152 1232 mam
176 1160 276 1230 lactis
299 1160 506 1231 extendere:
534 1181 616 1254 quae
641 1162 796 1251 profecto
817 1159 892 1230 sine
920 1159 1057 1253 scriptis
1083 1169 1144 1230 aut

58 1282 154 1351 nulla
174 1292 269 1352 esset
285 1291 345 1353 aut
362 1282 493 1353 brevis.
514 1282 577 1354 Hic
597 1302 684 1353 vero
704 1279 749 1352 de
771 1282 902 1353 sanctis
923 1281 983 1374 qui
1010 1302 1080 1352 non
1107 1281 1143 1350 in

60 1404 207 1496 strepitu
231 1405 409 1500 popularis
443 1425 554 1489 aurae‚
588 1403 652 1475 scd
684 1403 719 1473 in
752 1404 900 1475 Domino
932 1404 1140 1495 gloriantur,

59 1547 208 1620 qnorum
230 1548 356 1599 nomen
376 1526 411 1597 iu
431 1525 519 1597 libro
540 1527 624 1599 vitae
644 1525 754 1619 digito
775 1527 838 1598 Dei
859 1526 1027 1618 scriptum
1049 1547 1143 1596 mor-

60 1650 180 1720 talium
202 1650 409 1741 soriplorum
433 1649 623 1742 patrocinio
648 1671 718 1719 non
742 1659 833 1740 eget.
856 1649 892 1719 Si
913 1649 1025 1719 omnis
1051 1644 1143 1720 cala·

60 1794 139 1844 mus
160 1772 280 1856 iaceat,
303 1771 417 1845 omnis
439 1772 557 1864 lingua
584 1783 716 1858 accat,
743 1772 858 1844 omnis
887 1772 1065 1842 hominum
1093 1773 1143 1841 la-

60 1915 125 1966 vor
146 1915 186 1963 ac
208 1894 402 1965 recordatio
423 1903 625 1976 evanescat,
659 1894 886 1965 nihilominus
913 1892 947 1962 in
973 1892 1140 1962 memoria

60 2025 193 2087 aeterna
223 2016 289 2087 erit
320 2017 444 2102 iustus,
479 2026 515 2087 et
550 2016 709 2088 terrisoni
748 2016 920 2086 sermonis
960 2013 1142 2105 angustias

61 2151 206 2231 spernet
222 2141 374 2211 coelostis
393 2141 515 2231 gloriae
533 2136 747 2230 magnitudo.
762 2135 934 2230 Equidem
951 2135 1143 2228 Simplicia-

60 2279 127 2329 nus
147 2257 277 2352 hospes
298 2281 397 2331 meus
418 2258 512 2354 apud
531 2260 714 2332 Dominum
735 2279 885 2351 magnus
906 2257 1025 2330 valde:
1048 2256 1142 2349 apud

58 2377 152 2451 hunc
170 2403 273 2452 suum
295 2382 499 2453 historicum
519 2382 623 2453 nimis
644 2382 859 2451 familiariter
876 2391 913 2451 et
931 2381 1061 2452 inculte
1079 2378 1142 2449 ha-

58 2500 167 2583 bitus,
191 2501 371 2570 limatioris
398 2501 465 2569 stili
491 2522 631 2592 operam
665 2500 880 2582 merebatur,
906 2522 1049 2593 exque
1075 2500 1142 2570 sihi

60 2621 145 2692 nihil
163 2620 319 2701 omnino,
340 2618 403 2688 sed
421 2618 616 2710 legentibus
634 2619 792 2690 imitandi
809 2620 963 2689 studium
981 2631 1016 2691 et
1033 2619 1142 2690 devo-

61 2740 165 2812 tionis
184 2743 302 2811 fervor
321 2740 512 2813 accederet.
535 2742 620 2812 Esto
638 2750 753 2811 autem
772 2750 810 2811 ut
828 2740 978 2833 scriptor
994 2738 1141 2811 idoneus

60 2880 129 2933 non
148 2860 256 2934 desit:
272 2860 331 2933 ubi
350 2871 464 2935 lamen
483 2884 599 2934 rerum
618 2863 749 2934 raritas
766 2873 956 2955 quaeretur,
977 2863 1006 2933 si
1025 2863 1141 2954 ignota

58 2978 177 3056 domui
211 3005 286 3056 suae
318 2990 393 3058 cst?
425 2984 569 3057 Constat
594 2985 705 3081 ipsius
731 2984 919 3077 Augustini
941 2985 1140 3057 testimonio

58 3109 315 3200 simplicianum
328 3109 457 3183 bonum
471 3113 532 3181 Dei
549 3131 693 3182 servum
713 3109 888 3193 extitisse,
909 3110 943 3182 in
961 3130 1031 3201 quo
1049 3107 1140 3178 luxit

57 3230 168 3322 gratia
185 3230 317 3316 divina,
335 3234 447 3326 etqui
464 3255 485 3303 a
500 3235 682 3305 iuventute
699 3233 735 3302 in
752 3235 888 3304 senium
906 3230 1138 3302 devotissime

58 3353 132 3424 Deo
150 3351 248 3436 vixit,
264 3353 376 3424 virum
391 3358 496 3445 longo
518 3354 634 3426 studio
651 3352 837 3425 dominicae
854 3354 924 3424 viae
942 3350 1136 3432 sectandae3

57 3476 166 3546 multa
198 3474 357 3547 edoctum
392 3476 524 3569 pariter
556 3486 592 3547 et
626 3484 827 3569 expertum,
862 3474 921 3567 qui
962 3471 1137 3544 Victorino

56 3598 151 3668 claro
175 3599 325 3692 primum
360 3597 489 3668 rhetori
520 3596 618 3668 urbis
651 3600 783 3681 Romae,
817 3605 898 3687 post
917 3594 974 3688 pio
1009 3593 1137 3663 Christi

56 3721 202 3815 martyri
221 3719 533 3804 familiarissimus,
555 3731 591 3792 et
611 3719 656 3791 ad
672 3742 793 3791 veram
812 3717 917 3789 iidem
935 3736 1084 3808 magnus
1102 3725 1137 3786 et

55 3840 179 3913 efficax
200 3843 356 3915 hortator
376 3843 453 3913 tuit:
474 3842 533 3934 qui
555 3839 682 3912 deinde
702 3840 940 3932 Augustinum
962 3838 1008 3910 ad
1029 3859 1078 3922 se,
1097 3846 1136 3909 ut

55 3960 140 4048 dixi,
161 3985 224 4055 pro
244 3965 390 4037 consilio
410 3964 623 4047 venientem,
642 3963 738 4057 quod
756 3962 876 4054 utique
902 3981 1042 4053 magnae
1059 3961 1131 4031 vir-

53 4085 139 4161 tutis
159 4087 321 4182 opinione
349 4108 419 4160 non
452 4088 579 4169 caruit,
615 4084 659 4158 ad
676 4083 922 4157 ..humilitatam
943 4083 1072 4156 Christi
1100 4095 1132 4153 et
