2670 4688
10 72 101 161 ἦ.
288 116 456 166 sutuclsul
477 116 654 166 nsulsum
674 114 923 165 l'sssmsltwlt.
1085 103 1145 162 543

10 218 170 339 hhm
192 280 257 353 pro
274 257 439 351 quolibet
466 257 616 332 florenos
640 279 705 330 seu
724 257 872 330 ducatos
896 257 974 331 XX.
994 256 1144 329 Famulis

10 375 157 455 *nos
169 402 235 476 pro
247 379 426 474 quolibet:
448 381 567 473 (loquo
579 380 693 451 duos:
712 379 780 462 isti,
799 381 856 448 vel
873 378 983 461 amici,
998 389 1033 449 et
1045 379 1074 448 si
1087 379 1145 449 vel

10 496 236 579 ’Hominem
259 524 324 574 seu
344 502 463 574 famuli
479 501 651 574 obiissent
671 500 876 593 priusquam
894 499 1033 583 moriar,
1050 500 1145 594 quod

72 623 119 696 ein
138 624 298 716 legebam
317 627 397 697 volo
420 634 456 698 ut
477 623 598 696 redeat
617 623 662 696 ad
683 621 861 694 baeredem
883 644 1010 694 meum.

10 752 61 833 ἡ
164 744 324 833 Omnium
351 767 437 819 sane
462 746 633 818 bonorum
663 744 841 818 mobilium
861 752 897 817 et
917 742 1143 815 immobilium
1209 741 1223 753 “

17 886 148 962 ,qum
180 867 293 941 habeo
320 872 379 941 vel
409 869 593 951 habiturus
619 889 712 953 sum,
741 866 954 958 ubicumque
979 877 1062 938 sunt
1088 867 1145 935 vel

14 972 182 1085 fierunt,
205 1014 311 1062 unum
335 993 446 1064 solum
468 992 646 1063 baeredem
665 990 810 1062 instituo
821 987 1081 1061 Francisoulum
1101 986 1146 1058 de

10 1113 223 1217 *Brosano
247 1111 355 1185 filium
381 1113 556 1205 quondam
584 1112 713 1184 domini
738 1111 884 1183 Amiooli
916 1110 961 1182 de
988 1110 1147 1185 Bronton

10 1276 35 1335 η
61 1233 179 1306 oivem
200 1235 381 1306 Mediolani
402 1245 516 1328 portae
534 1234 742 1306 Verzellinae
758 1260 765 1304 :
783 1243 820 1305 et
838 1233 952 1327 ipsum
972 1251 1060 1323 rogo
1076 1253 1145 1302 non

10 1391 32 1457 Ι
64 1346 193 1427 solum
209 1364 249 1427 ut
267 1356 462 1459 baerodem,
491 1355 554 1428 sed
580 1369 620 1428 ut
635 1356 741 1429 filium
772 1356 1007 1439 carissimum,
1030 1364 1069 1426 ut
1088 1374 1147 1448 po-

10 1527 25 1579 ,
64 1477 168 1550 eunio
193 1487 475 1572 quantocumque
508 1478 567 1563 sit,
600 1481 750 1573 plurimu
778 1477 854 1549 sive
879 1477 1038 1562 minima,
1064 1475 1147 1569 quia

10 1654 17 1704 ,
65 1619 193 1691 magna
214 1600 334 1693 utique
353 1621 424 1672 non
443 1599 523 1683 erit,
542 1622 647 1693 quum
665 1599 758 1672 meis
779 1600 814 1670 in
836 1598 943 1671 robus
957 1597 1144 1683 invenerit,

63 1723 243 1811 dividatur
262 1724 297 1796 in
317 1726 407 1798 duas
426 1733 559 1820 partes,
578 1734 614 1795 et
632 1746 735 1801 unum
755 1724 822 1795 sibi
839 1708 983 1808 hubent,
1001 1724 1145 1794 alterum

64 1856 226 1919 numeret
241 1848 298 1919 eui
316 1847 383 1918 soit
399 1867 455 1919 me
471 1847 632 1929 velleset
647 1846 693 1917 de
709 1867 751 1918 ea
772 1844 833 1918 liat
851 1845 948 1938 quod
966 1865 1023 1915 me
1038 1843 1145 1915 etium

64 1968 157 2038 velle
177 1968 253 2039 soit.

163 2089 241 2159 Duo
273 2098 458 2182 antequam
490 2087 607 2162 finium
635 2090 725 2161 buno
747 2090 956 2181 ⁴scripturam
983 2087 1146 2171 addenda

65 2220 158 2281 sunt.
180 2208 294 2281 Unum
315 2220 379 2295 est
400 2212 497 2305 quod
518 2213 671 2287 modium
694 2211 778 2284 illud
800 2223 904 2283 terres
921 2208 1016 2302 quod
1034 2207 1147 2281 hobeo

64 2333 312 2404 ultramontes
333 2333 366 2404 in
388 2333 559 2406 comitutu
576 2332 916 2413 Venusino'in·villo
940 2352 1006 2403 seu
1028 2340 1146 2403 onstro

63 2450 254 2527 Vololusiae
267 2455 435 2527 Dioeoesis
449 2456 706 2539 Cavollieensis,
721 2454 804 2548 qniu
821 2453 896 2524 sine
910 2450 1018 2527 dubio
1029 2450 1146 2523 eundo

64 2575 146 2647 illue
177 2578 235 2647 vel
258 2577 365 2649 etiam
398 2554 571 2653 mittendo
585 2575 846 2672 quodammodo
864 2578 945 2672 plus
966 2574 1146 2670 expende-

63 2704 161 2771 retur
185 2719 290 2792 quum
316 2720 374 2771 res
398 2703 529 2784 voleat,
557 2702 638 2772 volo
663 2699 758 2791 quod
783 2698 830 2769 sit
855 2695 1144 2792 hospitatoruicri

64 2819 143 2906 loci,
164 2830 201 2892 et
219 2820 254 2892 in
276 2841 364 2893 osus
386 2842 577 2917 pauperum
600 2820 743 2907 Christi,
765 2832 801 2892 et
822 2820 853 2890 si
873 2822 962 2891 torte
983 2816 1050 2888 hoo
1070 2816 1144 2889 fleri

64 2961 134 3010 non
166 2952 286 3033 posset
315 2942 527 3034 impediente
557 2943 674 3034 aliquo
706 2941 782 3014 iure
811 2943 868 3012 vel
895 2948 1039 3024 statuto,
1065 2939 1145 3011 volo

66 3061 162 3150 quod
194 3062 241 3132 sit
271 3060 435 3133 lobannis
461 3072 496 3132 et
522 3062 613 3133 Petri
632 3064 778 3135 fratrum
800 3061 950 3135 liliorum
969 3038 1143 3154 quondum

67 3179 261 3275 Ruymundi
284 3181 519 3268 Clarimontis,
540 3183 600 3276 qui
622 3183 780 3275 Mopetus
801 3186 1032 3257 communiter
1051 3182 1145 3255 dine

66 3299 184 3386 batur,
209 3313 246 3375 et
263 3304 331 3379 luit
345 3303 580 3399 obsequiosus
599 3315 637 3378 et
656 3304 769 3379 fidelis
800 3307 885 3378 mihi
914 3307 1028 3380 valde.
1050 3306 1144 3378 Etsi

66 3426 150 3501 dicti
178 3427 315 3509 iratres,
342 3428 398 3498 vel
423 3448 545 3514 eorum
567 3430 656 3500 ulter
675 3427 833 3513 obiisset,
856 3432 940 3502 volo
963 3427 1058 3522 quod
1082 3448 1144 3498 ve-

67 3548 141 3620 niat
160 3548 205 3620 ud
225 3544 313 3619 filios
333 3549 391 3619 vol
411 3559 557 3640 nepotes
578 3548 612 3618 in
634 3550 838 3622 memoriam
859 3550 942 3624 dieti
963 3552 1102 3623 llloneti.

166 3668 341 3754 Alterum,
375 3668 470 3762 quod
503 3668 588 3753 illud
624 3669 795 3745 modicum
829 3674 926 3767 quod
960 3672 1071 3744 habeo
1099 3671 1144 3742 de

67 3788 168 3863 hunis
200 3790 435 3865 immobilibus
462 3791 497 3861 in
523 3791 638 3864 Padus
668 3795 725 3864 vel
758 3794 929 3868 territorio
961 3790 1141 3877 Paduam,

69 3915 124 3983 vol
145 3912 179 3984 in
201 3924 376 4007 posterum
399 3911 581 3988 habiturus
602 3933 695 3998 sum,
717 3919 798 3988 volo
812 3918 906 4010 quod
929 3917 974 3990 sit
990 3915 1141 3988 baeredis
