2670 4688
512 285 664 334 briscona
685 282 782 332 xxxo.
1116 257 1171 317 387

108 445 236 508 tantum
254 434 310 505 ille
329 433 497 524 religioni,
516 430 654 521 diisque
670 425 896 498 mendacibus
914 423 1047 502 tribuit,
1065 439 1175 511 quan-

108 571 177 631 tum
198 580 294 631 vcrae
314 555 486 649 religioni,
506 579 591 628 vero
608 559 679 626 Deo
700 549 921 622 tribuendum
942 549 1041 619 erat‘l
1058 544 1176 627 Quan-

106 694 209 774 toque
230 681 344 753 studio
365 679 633 774 providendum,
655 701 698 749 ne
719 686 779 748 tuo
800 672 1036 766 fletu,Paule‚
1058 679 1097 740 tu
1117 686 1176 760 pe-

105 805 202 888 rires,
218 805 377 875 Christus
395 803 652 875 offenderetur?
671 802 888 893 Quamquam
910 794 995 889 quid
1014 792 1175 884 exempla

103 929 215 999 virilia
236 930 372 1020 colligo,
395 949 473 998 cum
495 928 660 997 Romanae
684 924 863 1008 mulieres,
885 919 1054 1014 pudorem
1076 925 1173 986 tuum

106 1073 262 1142 premere
295 1060 329 1121 et
360 1051 519 1121 lacrimas
546 1050 676 1119 siccare
701 1046 900 1130 debuerint,
922 1043 977 1113 vir
996 1036 1174 1112 Romane?

104 1171 188 1241 Nam
212 1170 268 1240 ubi
288 1183 379 1253 tunc,
397 1192 532 1263 quaeso,
556 1167 614 1239 ubi
637 1181 711 1240 erat
739 1167 888 1239 Cornelii
914 1163 1065 1235 Africani
1088 1159 1172 1241 filia,

103 1294 333 1366 Gracchorum
360 1303 483 1376 mater,
505 1293 560 1363 cui
584 1303 712 1386 praeter
734 1303 902 1364 maternae
929 1287 1065 1384 pietatis
1091 1286 1174 1357 affe-

102 1428 218 1500 ctum,
242 1440 344 1509 quam
366 1416 434 1487 cari
463 1414 522 1486 filii
547 1426 679 1497 essent,
703 1414 785 1485 illud
806 1414 934 1486 indicat
958 1410 1051 1505 quod
1073 1409 1174 1480 Cam-

102 1561 201 1633 panae
227 1541 306 1609 olim
335 1537 496 1630 bospitae,
519 1535 611 1628 apud
636 1557 673 1607 se
699 1533 912 1607 muliebriter
933 1530 1166 1614 laetabundae,

100 1672 136 1733 et
157 1685 219 1733 sua
243 1661 308 1733 sibi
329 1670 535 1731 ornamenta
557 1660 773 1744 monstranti,
796 1657 885 1730 filios
905 1680 925 1729 o
942 1657 1026 1729 ludo
1042 1656 1173 1728 littera-

100 1808 175 1856 rum
201 1792 418 1855 revertentes
442 1782 614 1866 ostendit,
643 1794 678 1854 et
707 1783 787 1865 bruc,
814 1782 944 1875 inquit,
972 1805 1046 1851 meo
1072 1802 1172 1851 orna-

99 1919 210 1975 mento
239 1920 325 1976 strat.
360 1907 431 1977 Hos
463 1905 511 1977 illi
543 1902 631 1977 filios
665 1917 699 1976 et
731 1905 807 1976 baec
840 1915 1043 1976 ornamenta
1070 1903 1171 1974 simul

100 2030 228 2113 omnia,
254 2050 349 2099 saeva
379 2051 472 2101 mors
497 2029 621 2122 rapuit:
646 2040 778 2100 tantum
807 2039 921 2100 tamen
942 2028 1047 2098 animi
1073 2028 1170 2098 lemi-

98 2174 164 2224 neo
189 2153 252 2225 luit
272 2154 305 2223 iu
328 2164 484 2246 pectore,
509 2161 545 2223 ut
565 2175 611 2223 ex
634 2164 742 2224 morte
763 2154 856 2222 illam
876 2148 1170 2247 complorantibus

97 2287 132 2347 et
158 2277 317 2348 miseram
344 2276 577 2348 vocitantibus
604 2277 844 2371 responderet:
867 2275 1017 2347 alostum
1041 2279 1169 2366 utiquc,

97 2398 152 2466 sed
164 2404 316 2467 miserum
327 2421 361 2465 se
378 2421 444 2465 non
458 2420 523 2466 ease
536 2421 608 2486 pure
629 2402 708 2466 tales
726 2401 810 2491 filios
828 2404 1000 2490 pandisset.
1015 2400 1084 2469 Oh!
1101 2421 1169 2470 non

98 2520 279 2589 femineam
304 2519 366 2590 sed
387 2519 535 2602 virilem,
558 2530 592 2589 et
618 2540 700 2589 vere
726 2531 868 2612 paterna
895 2521 1005 2612 gloria
1028 2521 1170 2612 dignam

98 2643 237 2712 vocem!
259 2639 322 2712 Ubi
341 2652 415 2710 erat
430 2641 527 2711 Livia
542 2641 709 2732 Augusta,
724 2643 780 2712 cui
800 2664 877 2711 cum
897 2664 916 2712 e
933 2642 1072 2713 duobus
1090 2641 1170 2713 filiis

99 2785 207 2850 mors,
227 2774 264 2835 ut
285 2767 392 2835 lerme
414 2785 488 2834 mos
510 2785 595 2834 suus
617 2778 687 2847 est,
707 2777 742 2836 et
759 2765 949 2859 pessimum
973 2765 1171 2859 reliquisset

98 2898 133 2959 et
156 2888 320 2982 optimum
357 2887 569 2980 imperioque
598 2886 842 2979 dignissimum
874 2888 1095 2973 abstulisset,
1123 2888 1171 2959 ita

97 3034 216 3083 casum
238 3033 340 3082 suum
361 3011 467 3096 ssevit,
491 3021 528 3081 nt
552 2987 650 3083 ultro¹
665 3022 700 3083 et
725 3011 865 3082 modum
888 3023 923 3082 et
943 3010 1046 3083 finem
1069 3005 1170 3084 lacri-

97 3137 164 3206 mis
188 3136 392 3230 imponcret,
421 3135 639 3228 mediamque
666 3158 704 3206 se
731 3137 821 3207 inter
845 3138 937 3231 piam
964 3146 1109 3208 matrem
1134 3145 1171 3208 et

98 3258 286 3350 principem
312 3257 471 3328 seminam
494 3257 691 3339 exhiberet,
713 3282 757 3330 ne
779 3262 833 3330 vel
858 3274 992 3333 naturae
1012 3260 1167 3333 debitum

98 3391 257 3472 negaret,
279 3383 335 3450 vel
356 3381 440 3450 tanti
466 3381 624 3472 coniugis
650 3383 769 3453 oculos
797 3387 991 3475 spectaculo
1017 3386 1169 3458 tristiore

98 3501 347 3576 confunderet?
372 3502 507 3586 Quanto
536 3514 651 3574 autem
679 3507 838 3576 exactius
867 3506 1062 3577 cavendum
1094 3518 1169 3580 erat

98 3649 140 3698 ne
158 3624 289 3718 gemitu
316 3625 421 3695 nimio
438 3626 621 3697 laederetur
638 3620 796 3699 Christus
815 3637 987 3720 spectator
1004 3652 1044 3701 ac
1061 3629 1169 3702 iudex

97 3759 236 3819 actuum
272 3755 490 3830 nostrorum,
526 3750 579 3820 cui
617 3752 822 3821 mortalibus
856 3752 1007 3843 querelis
1040 3754 1166 3828 iudicia

98 3877 227 3941 aeterna
247 3869 394 3940 convelli
420 3869 642 3941 hauddubie
668 3895 782 3966 neque
808 3876 978 3946 immerito
999 3881 1167 3969 permole-

100 4001 189 4063 stum
214 3998 290 4064 est‘l
316 3993 385 4065 Sed
411 3996 585 4065 Romanas
609 4007 748 4068 transeo
768 3997 908 4090 quibuS,
932 4007 969 4069 ut
989 4001 1166 4075 muliebris

99 4125 154 4186 est
184 4117 317 4213 pudor,
348 4118 397 4191 sic
416 4118 527 4191 virilis
558 4119 660 4190 animi
689 4119 795 4193 robur
819 4133 924 4215 abnue
950 4127 1164 4208 constantia,
