2670 4688
135 303 192 364 lat
470 320 510 366 nu
533 320 633 367 nunus
655 319 875 368 riuturtnrnus

131 459 372 554 amantibus‘l)
398 469 495 546 tuas,
537 472 572 532 ει
614 482 820 553 magnorum
864 461 1000 551 aliquot
1039 462 1221 543 virorum,

129 600 218 669 qnos
240 579 378 653 abunde
398 604 507 675 parva
527 582 585 654 illa
604 583 729 654 civitas
751 582 842 664 tulit,
860 580 1094 671 gratissimus
1114 582 1223 654 inter-

128 709 255 773 ventus
286 702 430 775 dubium
465 726 567 777 omne
599 703 754 776 dimovit.
781 703 831 773 lta
857 701 949 772 enim
984 701 1219 775 fluctuantem

128 825 280 898 animum
309 828 478 921 alligastis
510 827 599 898 varii
631 840 666 899 ει
688 825 828 897 iucundi
854 829 936 896 lune
958 826 1156 911 sermonis,
1184 838 1220 896 ut

128 948 179 1019 ire
212 952 371 1043 cogitans
405 963 528 1036 staret,
562 960 599 1022 et
635 973 703 1022 non
740 950 838 1043 prius
872 946 940 1020 labi
973 949 1070 1020 diem
1112 970 1217 1040 qnam

127 1082 265 1145 noctem
298 1075 424 1147 adesse
457 1074 696 1169 perpenderet.
726 1073 770 1141 Et
791 1073 848 1143 illu
867 1070 924 1142 die
945 1084 981 1142 et
1003 1093 1107 1165 saepe
1133 1074 1215 1144 alias

125 1208 293 1291 expertus
320 1219 410 1278 snm,
437 1198 530 1266 nulla
562 1217 601 1266 re
635 1195 701 1266 alia
731 1197 843 1288 magis
870 1204 1009 1288 tempus
1036 1219 1111 1268 non
1137 1219 1214 1268 sen·

127 1317 290 1389 tientibns
311 1317 409 1409 eripi,
429 1338 535 1407 quam
553 1316 734 1408 colloquiis
754 1318 958 1389 amicorum.
977 1318 1103 1410 Magni
1121 1323 1214 1392 tures

126 1439 290 1531 temporis
334 1448 415 1507 sunt
460 1437 580 1522 amici,
624 1440 690 1508 etsi
734 1441 867 1510 nullum
913 1449 1055 1533 tempus
1100 1443 1212 1514 minus

123 1569 294 1653 ereptum,
323 1557 436 1627 minus
462 1558 634 1651 perditum
668 1559 779 1631 videri
810 1559 950 1645 debeat,
981 1584 1092 1654 quam
1122 1564 1212 1657 quod

123 1690 203 1773 post
229 1682 341 1752 Deum
371 1681 491 1753 amicis
518 1682 741 1777 impenditur.
775 1685 847 1755 lllic
880 1707 980 1777 ergo,
1008 1707 1055 1756 ne
1081 1685 1212 1759 infinita

123 1824 338 1889 recenseam,
369 1798 557 1879 meministi
580 1819 619 1880 ut
644 1809 731 1878 forte
759 1806 937 1880 Ciceronis
958 1809 1094 1881 mentio
1115 1810 1212 1881 nobis

122 1925 244 1999 oborta
256 1937 320 2011 est,
336 1949 417 2021 qure
434 1929 555 2003 crebra
573 1931 759 2004 admodum
778 1930 891 2002 doctis
909 1930 1115 2004 hominibus
1136 1954 1212 2005 esse

123 2052 221 2123 solet.
244 2051 304 2122 llle
325 2052 466 2124 tandem
485 2054 583 2127 vario
603 2053 776 2146 colloquio
797 2053 902 2124 finem
924 2053 1028 2124 fecit:
1048 2054 1087 2126 in
1105 2078 1212 2128 annm

122 2175 216 2245 versi
253 2193 399 2244 omnes:
437 2175 520 2245 nihil
560 2176 640 2248 inde
677 2174 773 2247 aliud
818 2196 925 2268 quam
962 2174 1006 2244 de
1045 2174 1212 2249 Cicerone

123 2304 305 2366 tractatum
338 2306 401 2367 est.
434 2295 639 2392 Symbolum
670 2297 896 2379 confecimus,
931 2305 967 2367 ει
999 2298 1212 2389 palinodiam

122 2415 200 2501 sibi,
220 2439 285 2488 seu
306 2421 554 2514 panegyricum
572 2419 639 2493 dici
656 2422 777 2514 placet,
792 2417 995 2490 alternando
1008 2421 1212 2494 cecinimus.

122 2538 191 2609 Sed
224 2539 389 2630 quoniam
417 2541 452 2613 in
480 2540 583 2615 rebus
618 2543 815 2614 mortalium
849 2540 934 2609 nihil
967 2554 1108 2615 constat
1133 2566 1214 2617 esse

122 2662 329 2755 perlectum,
352 2666 540 2759 nullusque
559 2666 736 2737 bominum
759 2676 826 2748 est,
846 2666 880 2733 in
898 2684 969 2755 quo
983 2684 1053 2733 non
1069 2666 1211 2759 aliquid

121 2782 215 2875 quod
241 2787 366 2855 merito
387 2789 480 2878 carpi
502 2798 616 2880 queat,
646 2788 828 2858 modestus
846 2786 949 2857 ctiam
976 2788 1213 2881 reprehensor

83 2897 87 2905 ’
124 2905 288 2988 inveniat,
311 2905 467 2997 contigit,
490 2918 529 2977 ut
547 2907 629 2978 dum
650 2909 685 2978 in
702 2908 882 2991 Cicerone,
903 2907 1049 2979 velutin
1069 2909 1212 2983 bomine

124 3026 208 3097 mibi
233 3048 339 3120 super
364 3048 486 3099 omnes
511 3028 725 3099 amicissimo
745 3037 780 3098 et
806 3029 1067 3114 colendissimo,
1101 3054 1212 3127 prope

122 3148 238 3221 omnia
270 3151 457 3243 placerent,
492 3149 646 3241 dumque
680 3151 820 3222 auream
852 3152 945 3221 illam
972 3153 1212 3243 eloquentiam

122 3283 160 3344 ει
195 3277 336 3347 coeleste
378 3273 554 3363 ingenium
593 3274 806 3360 admirarer,
842 3295 976 3344 morum
1011 3275 1209 3360 levitatem,

123 3398 311 3491 multisque
334 3394 418 3466 mibi
443 3394 697 3487 deprehensam
719 3396 853 3468 indiciis
876 3397 1117 3469 incestantiam
1141 3424 1210 3475 non

124 3518 312 3591 laudarem.
335 3517 399 3589 Ubi
421 3540 500 3588 cum
522 3539 645 3589 omnes
670 3521 731 3610 qui
751 3518 909 3606 aderant,
934 3521 997 3592 sed
1019 3531 1100 3590 ante
1121 3523 1212 3595 alios

124 3661 246 3712 senem
264 3642 371 3724 illum,
387 3640 487 3712 cuias
502 3639 587 3711 mibi
604 3662 732 3712 nomen
749 3643 888 3726 excidit,
903 3665 971 3713 non
987 3644 1111 3733 imago,
1128 3664 1212 3717 con-

124 3773 322 3834 terraneum
346 3772 459 3847 tuum,
481 3762 581 3834 annis
603 3765 797 3853 verendum
819 3766 1021 3858 litterisque,
1042 3769 1212 3841 attonitos

124 3884 280 3956 viderem
312 3885 466 3956 novitate
497 3885 701 3968 sententiae3
729 3908 786 3956 res
814 3909 955 3979 poscere
984 3890 1062 3958 visa
1088 3900 1146 3960 εει
1172 3906 1213 3964 ut

123 4005 238 4077 codex
258 4008 484 4100 epistolarum
506 4029 662 4079 mearum
684 4030 732 4078 ex
752 4010 868 4080 arcula
882 4019 1107 4101 promeretur.
1123 4013 1212 4085 Pru-

126 4126 217 4198 latus
247 4128 281 4197 in
313 4128 465 4201 medium
492 4128 623 4202 addidit
647 4132 811 4203 alimenta
844 4131 1084 4203 sermonibus:
1118 4134 1213 4245 intqr
