2834 5086
169 698 221 757 Μ
628 725 787 775 ιιιιιιιιυιι

164 862 338 933 ‹nuttrnrin
359 862 615 949 videntu1·,sed
633 889 701 940 non
719 880 811 953 sunt,
832 871 996 953 miscere,
1017 879 1055 939 ut
1070 890 1260 962 uunquam

166 1002 233 1049 non
264 1004 365 1055 sinun
392 998 531 1059 teneant
552 988 768 1081 dignitatem.
791 990 983 1063 Nounutlos
1002 990 1262 1083 obstupescere

167 1103 324 1193 timentes
347 1111 416 1181 vidi
439 1122 476 1183 ιιι
496 1112 547 1184 sic
568 1113 602 1183 in
624 1113 747 1184 titteris
769 1112 838 1185 tuis
856 1112 1039 1185 modestiae
1057 1122 1259 1185 certantem

167 1226 333 1305 tidiniuru
363 1234 539 1319 viderent,
564 1248 601 1309 ut
625 1234 789 1328 ambigua
809 1236 957 1310 victoria
974 1257 1078 1331 pares
1108 1247 1257 1321 essent,

168 1376 232 1425 uec
251 1354 285 1425 iu
303 1380 380 1429 eum
399 1362 587 1455 palestram
603 1368 665 1431 out
677 1359 832 1451 degener
850 1370 977 1446 metus,
996 1370 1056 1432 aut
1073 1356 1260 1450 superbiae

170 1490 285 1549 tumor
298 1482 516 1577 irrunnmret.
532 1482 609 1555 Vidi
624 1482 827 1554 haesit-autes
845 1505 889 1555 an
903 1503 961 1555 res
975 1491 1064 1563 tuac,
1079 1500 1124 1549 au
1138 1478 1258 1551 verba

169 1604 352 1697 potissimo
385 1608 607 1691 inicerentur,
644 1628 708 1679 nee
742 1604 937 1679 abnuentes
966 1603 1050 1698 quin
1078 1600 1259 1673 libertatis

171 1726 342 1801 inuteiiein
378 1732 541 1813 ibututu,
582 1731 720 1822 etoquto
753 1730 954 1802 Ciceronem
989 1726 1168 1807 dicerent,
1210 1722 1260 1797 ad

170 1874 274 1943 numu
301 1854 457 1925 tintuiius
484 1853 697 1925 Veronensis
731 1853 800 1924 ait:
839 1851 1057 1921 Disertissime
1089 1856 1150 1915 etc.
1185 1846 1260 1919 Fac

172 1972 278 2061 ipitur
311 1985 348 2047 ιιι
380 1974 539 2069 cmpiisti:
574 1973 626 2046 sic
659 1974 774 2045 scribe
800 1983 964 2064 tanquam
992 1986 1113 2040 omnes
1140 1964 1259 2039 visuri

171 2094 254 2178 sint,
278 2116 342 2167 nee
363 2097 476 2166 visuri
497 2107 630 2167 tautum
658 2095 721 2166 sed
742 2114 763 2163 a
786 2094 922 2163 cunctis
947 2088 1108 2163 litoribus
1128 2088 1260 2183 impul·

171 2220 255 2301 suri,
278 2218 379 2291 etad
403 2227 545 2290 cunctas
573 2230 686 2290 terras
718 2215 969 2288 transmissuri.
990 2212 1105 2287 iecisti
1130 2210 1260 2283 funda·

173 2354 290 2415 tuentu
312 2342 529 2415 validissima
551 2342 747 2423 ueritatem,
775 2360 913 2432 pacem,
941 2335 1122 2418 iustitiam,
1148 2332 1258 2405 iiber·

173 2478 302 2537 tutem:
336 2486 441 2557 super
473 2462 540 2533 ittts
572 2460 715 2531 aedifica.
754 2459 932 2552 Quidquid
963 2460 1055 2531 enim
1088 2456 1259 2530 erexeris

173 2586 309 2655 tirruum
331 2587 412 2663 erit,
439 2583 613 2653 adversus
638 2599 719 2673 quae
735 2580 897 2673 quisquis
915 2578 1096 2672 impegerit
1110 2576 1259 2649 collide-

172 2720 240 2777 tur.
262 2704 328 2787 Qui
362 2712 482 2773 contra
513 2704 697 2774 veritatem
719 2703 876 2786 venerit,
904 2702 1057 2773 mendax
1081 2701 1169 2783 erit;
1194 2700 1256 2795 qui

171 2836 290 2899 contra
304 2845 423 2917 pacem
437 2824 622 2919 inquietus
638 2827 696 2919 qui
711 2835 831 2898 contra
846 2825 1011 2896 iustitiam
1025 2824 1178 2916 iniquus,
1193 2824 1256 2918 qui

170 2958 290 3019 nonna
312 2945 506 3019 libertatem
532 2970 700 3039 arrogans
726 2959 761 3020 et
781 2948 977 3042 impudens.
1000 2946 1122 3017 Laudo
1143 2946 1254 3018 etiam

169 3070 265 3165 quod
278 3070 371 3163 apud
383 3079 415 3140 te
426 3072 579 3142 omniurn
592 3071 925 3164 epistolarumquas
938 3070 982 3141 ad
993 3066 1169 3162 quaslibet
1184 3078 1255 3143 ter-

172 3214 288 3265 rorum
310 3202 428 3285 partes
449 3192 587 3263 miseris
604 3196 766 3286 exempla
784 3204 1022 3286 permaneant,
1042 3201 1079 3262 ut
1095 3199 1132 3261 et
1148 3190 1254 3265 dictis

170 3313 317 3390 dicenda
336 3317 559 3398 conveniant,
577 3317 659 3387 etsi
678 3315 819 3407 quando
835 3337 939 3387 casus
957 3317 1072 3398 fuerit,
1092 3317 1254 3389 conterre

170 3440 289 3510 valeas
315 3436 426 3506 aliena
455 3457 533 3507 curn
564 3438 644 3507 tuis.
666 3435 705 3507 ld
740 3450 772 3508 te
806 3440 921 3509 iacere
946 3438 1027 3511 data
1054 3438 1254 3529 litterarum

170 3574 307 3633 tuarum
330 3558 414 3629 mibi
437 3557 562 3631 indicio
581 3570 646 3631 est.
665 3561 766 3644 Quod
786 3561 877 3631 enim
900 3560 1254 3654 magnificentissime

170 3681 365 3755 subscribis
378 3680 524 3752 liberate
539 3682 726 3775 reipublice
740 3706 831 3753 anno
845 3684 963 3777 primo,
981 3681 1253 3755 reficiendorum

169 3807 344 3879 annalium
367 3804 580 3898 propositum
602 3804 702 3896 sapit.
716 3804 754 3876 td
775 3804 921 3878 verbum
949 3810 1096 3889 sotatur,
1123 3808 1253 3900 placet,

168 3940 204 4001 et
222 3927 381 4000 delectat.
400 3928 444 3997 Et
464 3926 627 4019 quoniam
650 3939 687 4000 tu
707 3925 896 4019 iungendo
915 3929 1113 4022 occuparis,
1135 3927 1255 4003 donee

170 4053 344 4143 ingenium
360 4048 466 4123 rebus
480 4070 542 4143 par
562 4049 749 4135 inveneris
768 4050 924 4143 egotibi,
943 4051 1011 4123 nisi
1030 4052 1123 4122 Deus
1139 4104 1147 4119 .
1166 4104 1199 4121 ..
1220 4106 1252 4139 .,

170 4176 204 4245 in
224 4195 302 4247 eam
324 4196 395 4245 rem
415 4173 627 4264 ingeniolum
644 4173 711 4245 hoc
727 4184 763 4246 et
786 4174 879 4245 huuc
900 4176 1071 4246 calamum
1090 4174 1255 4269 spondeo

171 4316 232 4395 pro
248 4298 340 4368 virili
358 4305 470 4389 parte,
487 4309 525 4369 ut
536 4296 585 4369 ait
598 4296 732 4382 Livius,
749 4298 913 4392 principis
935 4310 1105 4369 terrarum
1127 4300 1252 4393 popuii

172 4418 349 4495 memoriae
367 4440 619 4503 succursurus;
640 4442 706 4491 nec
730 4419 858 4492 cedere
884 4420 1060 4511 paululum
1086 4418 1255 4515 indigna-

173 4542 261 4619 bitur
283 4540 466 4612 biricnnus
489 4564 598 4615 meus.
622 4543 723 4623 Vale,
746 4544 801 4614 vir
820 4542 1025 4613 clarissime.

667 4688 745 4699 Ἤ
