2670 4688
175 333 232 391 *198
509 341 550 388 DE
572 340 672 388 REBUS
693 340 916 388 ruminantuus

599 626 776 690 EPISTOLA
796 627 829 689 V.

322 799 514 849 ruauulscus
532 798 700 848 Parauaea
721 797 947 848 BONINGONTRO
968 799 994 848 S.
1017 799 1045 847 P.
1067 799 1096 847 D.

216 943 306 1012 Magni
321 945 492 996 senectutem
506 940 673 995 faciendam:
688 939 728 993 nil
743 945 862 992 mortem
880 937 983 992 habere
998 937 1073 1008 quod
1090 942 1204 991 terreat.

269 1204 384 1276 Audio
397 1214 429 1273 te
442 1205 476 1271 in
495 1201 630 1271 senium
646 1199 749 1270 valde
761 1199 986 1270 descendere.
1002 1200 1093 1282 Quid
1107 1202 1256 1293 loquor?

172 1330 277 1400 immo
297 1325 457 1419 equidem
479 1320 680 1393 ascendere.
702 1320 780 1393 Alta
799 1331 854 1391 est
874 1323 966 1392 onim
993 1334 1028 1393 et
1054 1324 1255 1415 spectabitis

171 1462 216 1535 et,
230 1449 325 1542 quod
336 1465 457 1517 omnes
471 1441 703 1525 consentiunt,
718 1441 930 1513 venerabilis
946 1446 1188 1515 senectus.Vis
1201 1448 1255 1516 al·

171 1568 351 1642 titudinem
371 1587 492 1636 veram
515 1568 644 1636 nosse?
664 1563 918 1637 Adolescentiae
938 1565 1108 1636 lubricum
1124 1567 1191 1638 iter
1212 1591 1255 1639 ac

167 1691 347 1765 libidinum
368 1698 404 1759 et
418 1688 545 1759 irarum
566 1685 712 1759 nebulas
731 1707 976 1779 supergressa,
999 1689 1157 1778 coetoque
1172 1711 1255 1781 pro·

81 1884 83 1888 .
168 1811 329 1908 pinquior
348 1829 581 1903 quaecumque
602 1809 781 1900 suspicere
800 1807 934 1902 reliqua
954 1818 1040 1880 aetas
1062 1811 1164 1893 solet,
1181 1811 1254 1883 iam

170 1934 238 2007 sub
257 1931 408 2028 pedibus
428 1930 534 2002 habet
553 1952 594 2001 ac
612 1931 768 2025 despicit.
791 1932 919 2002 Curvet
941 1931 998 2003 illa
1023 1932 1190 2004 humeros
1212 1935 1256 2005 li·

168 2068 240 2143 cet,
266 2074 458 2148 generosos
479 2063 572 2126 certe
594 2053 730 2126 animos
747 2053 883 2137 attollit,
905 2063 941 2124 et
961 2076 1173 2147 quamquam
1191 2058 1256 2147 qui

168 2177 252 2247 nihil
277 2187 404 2270 praeter
428 2197 557 2267 corpus
591 2174 965 2267 cogitancocutorum
987 2178 1097 2248 fallaci
1125 2176 1256 2250 indicio

168 2320 313 2370 curvam
331 2309 469 2370 aetatem
489 2321 530 2370 ac
551 2299 754 2391 depressam
773 2309 910 2394 putent,
932 2321 1016 2372 vere
1037 2300 1196 2371 sublimis
1217 2309 1258 2370 et

168 2432 264 2495 recta
284 2432 350 2492 est.
369 2420 490 2515 ltaque
507 2422 668 2495 senuisse
684 2423 824 2494 doleant
840 2424 898 2516 qui
917 2445 999 2518 spes
1019 2442 1142 2495 omnes
1154 2429 1190 2491 et
1202 2424 1257 2494 fe-

168 2542 307 2617 licitatis
324 2563 401 2617 suae
421 2566 594 2618 summam
612 2546 646 2617 in
664 2569 810 2640 corpore
828 2557 1031 2643 posuerunt.
1045 2546 1097 2617 Tu
1113 2543 1158 2616 ad
1174 2566 1255 2618 eam

169 2677 307 2740 aetatem
340 2669 543 2760 pervenisse
571 2669 701 2761 gaude,
729 2671 785 2741 cui
817 2670 928 2741 maior
959 2669 1003 2739 sit
1029 2667 1134 2737 animi
1167 2688 1255 2740 cura

168 2809 274 2881 quam
295 2789 461 2881 corporis.
483 2791 584 2873 Quod
604 2792 696 2861 enim
715 2791 862 2874 iuvenis,
880 2788 982 2880 quasi
1003 2790 1039 2857 in
1059 2788 1253 2863 adversum

168 2911 357 3000 remigans,
375 2931 515 2981 summo
530 2912 609 2982 nisu
627 2925 663 2983 et
679 2911 815 3002 mugnis
832 2907 968 2981 viribus
988 2910 1151 2997 faciebas,
1168 2934 1253 2985 ecoe

170 3043 210 3103 ut
228 3031 382 3107 secundo
401 3030 515 3105 aetatis
535 3033 637 3104 alveo
662 3033 844 3122 navigans,
867 3041 904 3102 et
923 3031 1052 3123 quibus
1071 3056 1255 3129 oppugna·

168 3151 265 3226 baris
290 3155 446 3239 adiutus,
472 3155 567 3225 nullo
592 3153 661 3225 iam
687 3153 805 3225 labore
818 3154 914 3226 sacis.
941 3156 1142 3228 insisterem
1163 3179 1253 3231 sane

169 3277 343 3349 curiosius
363 3275 445 3348 huic
464 3277 554 3358 loco,
574 3284 614 3345 ut
632 3297 754 3348 omnes
776 3276 835 3368 qui
856 3277 1021 3351 videntur
1042 3300 1193 3371 angores
1211 3301 1254 3353 uc

170 3399 349 3471 molestias
383 3397 571 3471 senectutis
603 3408 819 3483 excuterem,
849 3424 912 3473 nec
945 3402 1100 3495 graviter
1124 3404 1253 3474 ferrem

172 3518 233 3588 tibi
254 3522 347 3594 laune
373 3524 543 3593 calamum
563 3531 599 3591 et
625 3521 714 3593 hanc
740 3546 844 3596 unam
869 3525 1040 3621 dieculam
1066 3536 1249 3619 praestare,

170 3643 232 3730 qui
254 3644 336 3715 mihi
354 3644 521 3739 plurimus
538 3644 747 3736 praestitisti,
762 3646 828 3718 nisi
841 3648 922 3740 quia
934 3658 969 3719 et
986 3660 1147 3719 senectus
1165 3647 1253 3719 satis

170 3765 264 3851 apud
283 3767 482 3839 Ciceronem
498 3766 660 3838 uCatone
672 3789 742 3839 non
758 3780 928 3841 excusata
943 3779 1076 3840 tantum
1097 3771 1159 3842 sed
1177 3773 1254 3842 iau-

170 3879 252 3950 data
272 3899 339 3968 est,
362 3901 397 3958 et
417 3912 483 3981 ego
509 3901 543 3961 te
567 3888 753 3961 fortissime
780 3905 1020 3963 senescentem
1045 3895 1149 3964 nullis
1169 3893 1252 3966 hor·

172 4001 300 4073 tatibus
319 4005 436 4079 induci
454 4031 559 4102 posse
571 4010 719 4083 arbitror
733 4020 770 4082 ut
781 4014 921 4084 fortiore
939 4013 1054 4086 animo
1068 4036 1252 4101 senescas;

172 4144 277 4216 supra
300 4148 476 4201 summum
496 4134 589 4206 enim
609 4132 694 4205 nihil
718 4143 773 4205 est
791 4155 862 4226 quo
883 4133 930 4206 sit
955 4136 1051 4207 iocus
1077 4139 1265 4231 ascensui„
