2670 4688
120 252 177 311 :tal
578 263 740 314 turrianus

121 411 204 472 sunt
239 401 430 473 amantium
473 402 642 493 querelae,
680 418 786 491 quam
826 398 939 471 verba
978 399 1215 485 brevissima,

121 532 250 612 quanta
277 519 559 594 discordantibus
593 517 711 590 verbis
743 518 946 591 animorum
982 523 1102 594 soleat
1142 546 1217 595 esse

122 643 315 739 concordia.
359 643 653 735 Memineramque
695 640 895 713 Terentiani
946 642 1047 715 illins
1091 646 1215 718 verbi:

125 765 317 837 Amantium
337 771 389 838 iro
405 768 580 855 inteprotio
597 766 719 835 artioris
745 774 800 833 est.
823 764 887 835 His
907 775 1023 858 atque
1045 768 1126 839 aliis
1145 792 1216 861 per·

126 888 352 960 suasionibus
370 891 403 958 in
427 888 588 980 opinione
613 887 785 982 persisto,
815 899 852 957 ut
877 910 950 959 non
978 890 1087 962 facile
1110 892 1215 962 oredi-

125 1011 236 1082 derirn
250 1012 345 1103 quod
359 1009 480 1082 mulier
502 1010 605 1081 tantis
619 1010 836 1082 circumfulta
856 1009 1074 1098 virtutibus,
1093 1013 1128 1085 in
1148 1027 1215 1086 tan-

128 1147 197 1207 tam
216 1133 390 1205 laberetur
415 1132 600 1216 insaniam,
630 1142 866 1225 utquomque
892 1150 1127 1228 praeponeret
1158 1137 1213 1217 illi,

126 1260 180 1329 cui
197 1279 330 1329 morum
350 1257 546 1346 integritate
561 1278 625 1328 seu
639 1257 721 1327 vitae
734 1255 921 1330 dulcedine
937 1259 1100 1343 nullum,
1119 1281 1214 1351 quern

127 1402 194 1473 ogo
207 1379 348 1472 quidem
367 1379 525 1448 noverim
544 1379 653 1457 nostri
673 1378 849 1472 temporis,
864 1388 993 1451 natura
1007 1383 1213 1474 praeposuit:

128 1501 221 1594 qnod
243 1502 337 1571 illum
361 1500 458 1593 parvi
481 1503 671 1594 penderet,
697 1523 770 1595 quo
790 1522 858 1574 non
880 1504 957 1573 sola
978 1505 1113 1578 civitas
1133 1506 1213 1585 baec,

129 1624 192 1694 sed
212 1623 325 1695 omnis
346 1624 442 1700 ltalia
469 1625 659 1716 gloriatur:
695 1625 730 1696 in
766 1623 868 1695 cuius
899 1627 1126 1700 serenissimi
1152 1631 1215 1701 oris

128 1745 330 1839 adspectum
346 1747 485 1819 inhians
500 1746 711 1819 scholarium
734 1747 836 1818 turba
855 1749 1104 1841 suspenditur,
1118 1777 1213 1846 quem

129 1891 199 1943 nou
220 1869 368 1963 segnius
388 1880 571 1965 stupentes
592 1869 839 1942 advocatorum
854 1869 1104 1945 Parmensium
1126 1876 1212 1945 chori

130 2013 208 2063 curn
232 1992 454 2067 veneratione
476 1992 683 2086 suspiciunt,
698 2014 803 2084 quam
821 1991 902 2061 olim
922 2004 984 2065 aut
998 1994 1114 2069 Roma
1134 1999 1213 2071 llar-

130 2136 209 2185 cnm
232 2116 381 2186 Tullium
410 2116 628 2200 Ciceronem,
656 2125 715 2186 aut
739 2114 1013 2199 Demosthenem
1042 2120 1212 2193 miraban-

132 2246 189 2305 tur
209 2235 356 2307 Athenae
380 2236 604 2307 moderantem
634 2240 728 2330 pleni
756 2242 866 2328 sroeaa
883 2238 1014 2311 theatri.
1040 2242 1102 2315 Sic
1129 2247 1213 2316 enim

131 2356 177 2428 de
198 2357 256 2431 illo
276 2359 444 2454 scriptum
468 2360 627 2451 legimus
646 2362 767 2433 Ponite
787 2359 893 2452 igitur
911 2371 1062 2450 metum,
1081 2388 1211 2460 quaeso,

133 2480 166 2551 ni
190 2482 406 2577 impossibile
428 2485 473 2558 sit
493 2485 638 2557 amanti:
660 2494 696 2555 et
720 2484 749 2555 si
770 2483 856 2578 quid
880 2484 1033 2557 fortasse
1060 2489 1154 2561 inter
1174 2501 1215 2562 tot

132 2605 300 2679 virtutum
320 2609 435 2681 radios
450 2608 589 2681 vidistis
608 2606 808 2690 obscurius,
830 2608 982 2698 cogitate
1001 2607 1038 2680 id
1058 2632 1130 2683 non
1152 2624 1214 2684 lana

131 2751 178 2801 ex
197 2731 324 2804 illibata
359 2755 474 2805 rerum
501 2732 649 2803 veritate
674 2753 780 2823 qnam
806 2752 852 2801 ex
879 2730 1070 2805 tenerrime
1103 2737 1215 2808 zelan-

134 2853 177 2923 tis
199 2854 446 2926 delicatissimo
473 2853 602 2925 iudicio
627 2853 852 2944 processisse.
874 2853 1016 2945 Siquid
1038 2876 1129 2929 sane
1154 2856 1215 2929 sihi

133 2978 189 3047 vel
210 2976 338 3057 aetatis,
356 2977 409 3045 vel
424 2975 576 3045 oonsoiae
594 2976 715 3044 lormae
736 2976 897 3048 lascivire
918 2979 1113 3068 permittat,
1135 2983 1216 3053 citra

135 3109 249 3170 tamen
266 3102 369 3169 lamae
391 3096 587 3188 rubiginem
608 3109 644 3166 et
665 3090 843 3186 pudicitiae
865 3100 1049 3185 taesionen,
1073 3104 1172 3196 quod
1185 3117 1219 3175 el

136 3220 167 3291 in
190 3220 333 3297 Claudia
359 3218 552 3293 clarissima
577 3218 705 3303 lernina
733 3223 890 3294 severior
917 3226 1219 3301 excusavitmnti-

135 3342 267 3434 quitas,
286 3352 323 3414 et
343 3343 462 3412 Caesar
481 3341 665 3431 Augustus
687 3343 765 3411 tulit
787 3345 820 3413 in
842 3343 928 3427 filia,
948 3345 999 3415 sic
1019 3346 1124 3419 vohis
1146 3350 1219 3422 iure

135 3466 275 3560 proprio
287 3477 323 3535 et
338 3466 366 3535 si
380 3463 467 3556 quid
488 3465 609 3533 oculos
629 3474 766 3535 vestros
780 3465 964 3537 offenderit
985 3488 1165 3555 accusare,
1185 3482 1220 3543 et

136 3586 219 3656 mihi
247 3589 305 3680 qni
331 3588 387 3657 vel
423 3584 531 3655 index
565 3586 738 3656 connmuni
773 3588 921 3679 partium
949 3595 1218 3673 consenserat

136 3718 311 3800 spectator
328 3721 430 3779 extra
448 3708 644 3801 palaestram
666 3708 772 3779 huius
794 3708 865 3782 ludi
888 3709 1005 3792 sedeo,
1024 3732 1096 3781 rron
1112 3715 1221 3787 intar-

135 3827 262 3899 dicitur
283 3833 337 3902 vol
363 3852 408 3901 cu
430 3824 573 3899 arbitrio
599 3848 676 3897 meo
695 3829 802 3922 loqui,
830 3833 885 3902 vel
916 3850 1068 3923 aequam,
1104 3834 1136 3905 si
1169 3835 1221 3907 sic

135 3945 201 4014 dici
228 3948 354 4033 debet,
383 3950 536 4042 prudorro
567 3950 787 4021 sententiam.
814 3953 988 4024 Hactenus
1026 3952 1104 4026 haec
1138 3978 1221 4050 pro-

136 4066 229 4138 saico
248 4090 409 4142 sorrnonr
428 4070 667 4167 'incesserint
699 4072 751 4144 Ad
768 4072 931 4146 carminis
955 4084 1072 4145 nutem
1095 4076 1220 4170 iugum
