2670 4688
237 336 330 387 bruun
352 336 517 387 vronsruus
539 333 926 405 secessus-urisrous
948 336 1010 384 xiv.
1105 321 1163 383 173
1225 334 1249 371 .·

84 481 168 550 Erat
193 478 376 550 Africanus
404 479 529 563 maior,
564 480 625 574 qui
659 479 710 551 sio
742 490 868 551 natura
901 478 1091 573 benignum
1124 502 1165 552 ac

83 601 201 671 mitem
222 602 377 672 animum
396 601 595 674 necessaria
617 600 806 672 severitate
824 603 883 672 vel
900 601 1031 673 invitus
1048 623 1166 673 arma·

83 734 197 809 verat,
216 735 253 796 ut
270 723 442 816 pendente
459 722 551 795 bello
568 722 796 816 gravissimo,
814 721 915 794 cuius
933 722 998 794 sibi
1017 723 1165 795 conlecti

84 839 194 941 gloria
216 847 417 940 parabatur,
443 846 648 943 desectionis
673 855 835 917 auctores
858 842 902 915 ad
931 846 1048 937 palum
1075 845 1163 916 deli·

84 982 185 1064 gatus
207 992 248 1041 ac
268 970 379 1062 virgis
405 989 518 1041 oaesos
545 968 728 1041 securibus
754 967 994 1052 obtruncaret,
1021 978 1057 1038 et
1081 968 1165 1039 Car·

85 1095 227 1184 thngine
246 1093 376 1164 domita
403 1091 569 1185 finitoque
596 1091 702 1175 bello,
730 1092 947 1182 transfugas,
975 1089 1036 1182 qui
1069 1108 1167 1161 oom-

83 1217 246 1311 prehensi
266 1227 387 1287 esseut
408 1217 505 1287 latini
525 1215 691 1301 nominis,
727 1192 844 1287 securi
870 1234 1011 1307 qnoque
1033 1213 1165 1307 percuti

83 1339 241 1426 iuberet,
283 1360 516 1432 romanosque
550 1349 585 1411 et
618 1340 763 1430 gravius
795 1339 961 1410 iussisset
993 1334 1162 1429 cruciligi.

81 1463 167 1534 Erat
192 1472 228 1534 et
252 1463 365 1534 Minor
388 1461 574 1534 Africanus
600 1461 674 1554 qni,
711 1481 779 1533 nou
812 1460 906 1532 victa
934 1469 1067 1532 tautum
1101 1456 1165 1531 sed

81 1606 208 1657 eversa
248 1585 471 1677 Cartbagine,
506 1586 707 1677 transfugas
744 1583 836 1655 inter
871 1583 1029 1657 victoriae
1061 1581 1164 1654 ludos

82 1712 209 1803 populo
242 1717 422 1801 spectante
447 1707 629 1779 laniandos
654 1707 736 1778 feris
764 1706 931 1778 edacibus
958 1706 1101 1779 obtulit:
1128 1716 1164 1779 et

82 1831 241 1902 AErnilius
266 1831 408 1914 Paulus,
442 1829 501 1923 qni
534 1829 747 1901 Macedonici
781 1828 859 1901 belli
892 1830 1019 1913 victor,
1042 1828 1164 1900 similis

81 1973 187 2023 noxae
208 1973 288 2024 reos
308 1952 553 2046 elephantibus
573 1951 828 2045 proculcandos
845 1951 1011 2045 praebuit,
1031 1948 1164 2022 salubri

81 2097 202 2147 omues
223 2087 258 2147 et
277 2075 495 2147 memorabili
514 2074 740 2158 documento,
756 2074 786 2144 si
804 2074 1050 2147 mododuoum
1065 2074 1162 2146 viro-

82 2221 229 2292 rumque
256 2199 440 2270 illustrium
466 2198 594 2269 iudicia
624 2218 667 2270 eo
700 2198 888 2285 trahimus,
921 2220 992 2292 quo
1024 2199 1160 2269 illorum

80 2321 195 2392 virtus
214 2332 250 2393 et
270 2321 380 2413 gloria
406 2330 598 2404 merentur,
625 2340 740 2413 neque
767 2319 856 2392 livor
881 2323 1054 2415 interpres
1080 2342 1160 2413 pes·

82 2444 193 2513 simus
229 2445 333 2513 iustae
370 2442 550 2512 seueritati
587 2440 750 2534 superbae
783 2440 997 2511 crudelitatis
1034 2463 1160 2514 nomen

81 2565 260 2655 imponere
292 2562 426 2642 nititur,
459 2571 582 2631 cuncta
614 2562 768 2652 peiorem
803 2580 943 2652 semper
967 2563 1002 2631 in
1028 2571 1160 2654 portem

82 2683 236 2755 trahens.
260 2682 360 2754 Libet
380 2683 472 2753 enim
495 2682 576 2752 buic
597 2684 673 2752 loco
690 2681 891 2752 adscribere
909 2704 1017 2752 unum
1033 2681 1161 2753 Valerii

80 2806 224 2880 Maximi
246 2827 358 2899 grave
377 2805 521 2888 dietum,
543 2805 638 2898 quod
659 2803 734 2898 ipse
755 2805 798 2876 iis
820 2826 862 2877 ao
888 2803 1014 2877 talibus
1038 2825 1161 2877 exem-

80 2930 146 3025 plis
163 2928 346 3001 adnexuit:
361 2927 486 3022 Aspero
504 2932 592 2998 enim
609 2929 722 3021 iuquit
735 2940 766 2999 et
777 2931 917 3002 abscisso
933 2930 1160 3023 rusticationis

78 3073 196 3144 periere
216 3054 369 3123 militaris
389 3050 566 3145 disciplina
585 3049 723 3142 incipet,
744 3054 823 3142 puio
844 3055 930 3122 uires
951 3055 1051 3122 armis
1081 3072 1161 3121 oon·

79 3184 186 3257 stant,
221 3198 293 3266 prroe
312 3176 417 3246 ulia
449 3160 549 3246 recto¹
562 3188 675 3246 tenore
712 3173 922 3254 desciverint,
963 3194 1159 3265 oppressura

79 3305 157 3365 sunt
197 3297 264 3363 nisi
305 3302 544 3387 opprimantur.
578 3296 700 3388 Neque
732 3318 817 3367 vero
850 3294 1090 3366 tautummodo
1122 3296 1157 3364 in

81 3437 165 3489 suos
190 3416 298 3487 duces
324 3427 428 3508 atque
454 3422 647 3503 exercitus,
677 3417 798 3488 sedin
826 3418 938 3489 socios
960 3417 1159 3509 incorrupta

79 3539 260 3612 constabat
285 3537 383 3609 fides.
406 3540 492 3609 Nam
521 3543 601 3633 quis
627 3543 758 3626 fallere,
786 3541 865 3633 quis
890 3541 998 3612 iurari
1025 3540 1161 3634 praeda·

80 3663 153 3734 rive
186 3661 315 3754 aliquid
347 3661 505 3747 auderet,
531 3662 613 3734 dnm
642 3663 858 3734 meminisset
884 3676 921 3735 ut
947 3663 1074 3733 milites
1100 3663 1160 3755 qui

79 3785 215 3875 regium
236 3785 271 3853 in
293 3783 495 3878 praesidium
516 3785 627 3870 rnissi,
650 3787 809 3857 mactatis
838 3786 968 3857 nelarie
996 3784 1160 3879 principi·

78 3905 145 3976 bus
165 3907 331 3993 civitatis,
354 3904 465 3998 ipsam
487 3906 554 3976 sibi
568 3907 753 3980 crudeliter
768 3916 994 3999 usurparunt,
1012 3917 1047 3978 et
1059 3917 1159 3979 eraut

78 4026 184 4097 millia
206 4029 384 4100 bominum
404 4040 570 4122 quatuor,
584 4040 624 4102 ut
637 4030 759 4102 Livius
773 4032 836 4113 ait,
854 4029 898 4101 ad
916 4051 1022 4100 unum
1037 4050 1158 4100 omnes

79 4146 189 4237 virgis
211 4171 322 4223 caesos
345 4153 598 4247 securibusque
619 4173 807 4247 percussos
828 4152 1028 4225 inhumatos
1055 4151 1156 4222 abiici
