2670 4688
575 259 736 308 t‘iurtttuu

541 610 720 674 urtsroun
742 611 787 674 lx.

176 770 369 823 rnnucrscus
390 772 559 822 nunninus
580 772 770 822 ninnuumm
792 773 1000 824 unnnrnsrm
1026 777 1055 826 s.
1079 778 1110 826 r.
1135 781 1168 828 n.

140 913 221 970 Dolet
235 925 354 973 mortem
369 919 462 973 uxoris
477 924 504 972 et
518 917 610 973 fratris
625 919 695 973 eius.
710 918 828 974 Excusat
842 936 872 974 se
887 922 964 992 quod
981 928 1106 980 vocatus
1122 925 1204 980 illum

191 1021 246 1059 non
261 1006 351 1074 adeat,
366 1012 393 1060 et
408 1006 489 1059 mittit
505 1006 628 1060 carmina
642 1022 703 1077 quae
719 1007 825 1076 vulgari
842 1023 971 1064 sermone
985 1009 1159 1067 dictaverat.

223 1243 374 1315 Colende
395 1254 474 1313 ante
496 1243 583 1314 alios
605 1254 641 1313 et
661 1243 810 1314 amende
830 1242 971 1314 domine
988 1247 1051 1315 mi.
1075 1245 1218 1317 Plenam

126 1367 238 1438 solitae
263 1365 489 1438 humanitatis
522 1365 705 1458 epistolam
736 1376 829 1436 tuam
858 1388 931 1437 non
961 1367 1041 1438 sine
1066 1371 1221 1462 suspirio

126 1512 170 1560 ne
186 1489 297 1561 dicam
320 1489 485 1572 lacrimis,
504 1489 581 1579 legi.
599 1490 793 1561 Renovavit
805 1490 897 1560 enim
913 1491 995 1560 mihi
1013 1512 1115 1575 esur,
1137 1513 1217 1585 quae

126 1632 311 1682 senescere
331 1612 366 1681 in
386 1610 590 1703 praecordiis
612 1613 698 1681 meis
716 1611 851 1703 nequit,
873 1612 1082 1683 memoriam
1101 1615 1165 1699 tui,
1184 1628 1218 1686 et

125 1731 255 1824 ignotae
276 1731 416 1825 quidem
439 1733 533 1815 facie,
565 1733 628 1804 sed
660 1733 798 1804 ditecrae
819 1732 902 1802 mihi
936 1735 1157 1808 venerabilis
1186 1748 1218 1808 et

125 1859 304 1949 praeclarae
324 1867 428 1949 atque
452 1857 485 1926 in
514 1867 684 1926 aeternum
708 1854 944 1925 memoraudae
962 1857 1148 1948 coniugis,
1172 1861 1217 1929 si-

126 1982 268 2073 mulque
291 1980 501 2072 magnanimi
519 1992 553 2049 et
578 1979 712 2070 egregii
740 1976 857 2048 fratris
891 1979 938 2049 tui
964 1979 1099 2049 domini
1135 1983 1214 2068 mei,

125 2106 282 2187 etxemici
308 2102 429 2193 optimi
456 2124 523 2171 non
550 2099 702 2171 verbalis
737 2100 798 2171 sed
830 2101 945 2182 realis,
980 2103 1141 2192 qualium
1164 2116 1215 2175 est

128 2223 231 2293 hodie
252 2244 386 2292 summa
406 2221 560 2311 penurie.
581 2221 641 2303 Et,
662 2221 837 2291 Christum
862 2233 971 2292 testor
991 2222 1068 2292 veri
1091 2224 1211 2306 Deum,

126 2344 187 2411 vix
205 2343 261 2412 atii
280 2341 350 2412 duo
374 2341 460 2411 mori
483 2352 655 2432 poterant,
673 2342 733 2433 qui
755 2365 947 2414 cormeum
969 2343 1044 2434 pari
1066 2346 1214 2440 cuspide

125 2465 359 2533 vulnerarent.
377 2463 445 2534 Sed
460 2484 526 2533 non
542 2474 603 2545 est,
622 2477 751 2556 praeter
765 2466 976 2557 patientiam,
993 2467 1141 2538 remedii
1156 2493 1214 2561 ge·

124 2606 190 2654 nus
209 2586 339 2684 lullum:
367 2585 401 2655 id
428 2585 486 2657 tibi
518 2587 667 2658 suadere
688 2609 756 2657 non
778 2585 918 2679 expedit
937 2588 1216 2679 prudentissimo

124 2716 229 2798 atque
246 2711 494 2802 expertissimo
514 2730 660 2780 casuum
682 2710 933 2781 humanorum.
949 2709 1093 2783 Accedit
1104 2725 1142 2784 et
1159 2714 1216 2786 ilia

123 2829 329 2909 consolatio,
351 2829 446 2920 quod
466 2840 501 2898 et
522 2829 704 2900 benedicte
724 2852 813 2901 uxor
835 2841 871 2901 et
891 2832 1215 2906 trateramamissi-

125 2968 202 3018 mus
224 2961 357 3018 rectum
380 2952 446 3021 iter
466 2950 511 3022 ad
544 2971 693 3044 superos
729 2954 884 3023 tenuisse
909 2939 1074 3023 credendi
1107 2969 1211 3031 sunt:

123 3092 165 3141 ea
179 3068 242 3140 fuit
262 3069 445 3139 amborum
465 3072 549 3154 vita,
569 3095 610 3142 ea
630 3072 778 3163 insignis
797 3087 963 3146 matronae
976 3075 1100 3167 pietas
1124 3077 1216 3152 fides

123 3205 159 3266 et
181 3193 342 3274 nestitae,
378 3213 420 3261 ea
455 3193 519 3261 viri
556 3194 701 3264 illustris
728 3199 947 3269 excettentia.
975 3198 1101 3268 Cessat
1125 3222 1216 3294 ergo

124 3322 232 3390 altera
248 3313 386 3386 dolendi
409 3337 535 3386 cansa:
556 3321 710 3411 proiecto
731 3321 825 3389 enim
853 3321 937 3403 iltis,
962 3331 999 3391 ut
1019 3341 1139 3413 spero,
1161 3329 1217 3396 ni-

126 3444 171 3513 hit
195 3439 272 3512 maii
294 3436 431 3508 accidit:
460 3439 487 3507 si
510 3440 594 3530 quid
617 3442 694 3510 mati
718 3443 790 3522 mu,
814 3442 914 3513 nobis
936 3443 1094 3534 contigit,
1114 3449 1215 3539 quod

125 3565 238 3659 ipsum
258 3560 494 3653 magnitudine
517 3563 620 3630 uuimi
645 3563 883 3657 superandum
902 3578 966 3636 est.
980 3565 1023 3634 Et
1041 3565 1118 3637 haec
1135 3573 1219 3661 qui-

125 3690 202 3759 dem
227 3689 404 3758 hactenus
431 3686 478 3754 De
508 3685 642 3775 reliquo
666 3695 783 3755 eutem
811 3687 958 3775 gretiam
988 3686 1047 3755 tibi
1078 3688 1215 3772 haheo,

125 3824 156 3878 rt
185 3831 272 3900 (luas
295 3829 436 3900 possum
459 3807 591 3897 gratius
612 3827 693 3894 agn,
717 3807 811 3898 quod
842 3807 875 3876 in
903 3808 1056 3878 omnium
1084 3810 1218 3882 discri-

127 3933 231 4011 mine,
256 3931 357 4020 inque
377 3928 529 3999 omnium
554 3927 628 3997 sive
649 3930 900 3999 elementorum
924 3931 1001 3998 sive
1028 3911 1216 4004 hominum

126 4050 226 4122 imile.
250 4050 447 4120 memoriam
471 4049 534 4118 mei
559 4047 683 4131 imber,
708 4064 741 4119 rt
769 4050 851 4122 mibi
874 4072 943 4140 qno
966 4055 1097 4122 nulium
1126 4075 1214 4144 gra-
