2670 4688
456 291 496 338 ult
519 291 619 342 REBUS
640 295 861 346 snutttnautus

539 543 716 609 urlsroun
737 548 779 611 lll.

145 709 339 763 saluctscus
360 713 533 766 PETRARCA
554 715 703 767 altmaro
724 718 865 769 SPINULAE
888 721 1046 773 GENUENSI
1067 726 1092 774 S.
1115 729 1142 775 P.
1168 729 1196 776 D.

258 852 421 921 Gratulatur
434 870 499 910 eum
514 852 704 908 Ganuensium
718 855 877 926 reipublicae
891 855 1074 914 reformandae

520 942 605 997 luisse
623 942 793 1014 prefectum.

218 1172 319 1257 Nihil,
341 1194 362 1245 o
382 1171 602 1262 magnanime
622 1172 691 1255 vir,
715 1171 798 1241 nihil
820 1171 962 1263 inquam
983 1177 1097 1248 laetius
1115 1177 1199 1246 mihi

122 1294 216 1387 fingo
248 1317 353 1389 quam
380 1316 539 1365 serenam
565 1305 601 1365 et
630 1296 776 1388 imperio
801 1295 1018 1389 praedignam
1052 1304 1200 1370 frontem

121 1417 215 1488 illam
245 1416 303 1488 ubi
329 1417 448 1488 invicti
474 1417 581 1488 animi
608 1420 657 1488 tui
682 1415 818 1489 nobiles
844 1419 958 1489 lucent
978 1442 1083 1492 curae.
1110 1423 1200 1493 Nihil

123 1540 269 1610 suavius
299 1548 448 1612 retracto
473 1562 577 1633 quam
604 1539 713 1612 verba
745 1538 930 1631 magnifica
955 1545 1199 1636 nescioquis,

122 1682 189 1731 non
211 1660 316 1732 modo
335 1661 429 1734 aliud
450 1684 555 1754 quam
577 1663 751 1758 plebeium
771 1672 808 1733 et
827 1665 989 1754 vulgare,
1013 1666 1078 1737 scd
1097 1690 1201 1758 quam

122 1784 313 1855 humanum
346 1793 392 1855 et.
415 1786 562 1857 mortale
592 1785 768 1857 sonantia:
804 1783 888 1856 nihil
917 1786 1055 1860 dulcius
1088 1790 1203 1880 cogito

121 1929 226 1999 quam
247 1929 304 1978 mc
324 1908 471 1998 gratiam
493 1930 534 1978 ac
554 1906 835 1980 benevolentiam
856 1910 940 1982 tanti
958 1910 1025 1981 viri
1044 1914 1101 1982 vel
1123 1933 1203 1983 sero

123 2032 292 2114 meritum,
312 2052 462 2124 quarum
480 2032 650 2124 primitias
667 2032 863 2103 clarissimo
879 2033 1031 2126 quodam
1043 2037 1079 2103 iu
1098 2036 1203 2135 fratre

122 2162 437 2247 praegustaveram,
471 2155 516 2225 Et
548 2153 655 2226 exilio
688 2153 735 2224 illi
769 2164 829 2225 tuo
861 2152 962 2225 brevi
988 2156 1144 2245 gratulor
1169 2166 1205 2224 et

122 2278 267 2368 gratiam
285 2276 408 2361 habeo,
427 2276 522 2370 quod
539 2287 574 2348 ta
590 2275 635 2349 ad
652 2286 790 2368 tempus
807 2276 844 2345 in
861 2275 951 2347 hanc
967 2275 1091 2346 urbem
1110 2297 1205 2345 com-

122 2399 260 2492 pulit,at
271 2422 327 2472 me
339 2400 457 2473 dilecti
469 2410 656 2494 antequam
665 2400 794 2491 cogniti
811 2399 888 2471 talis
898 2397 1000 2471 amici
1013 2409 1205 2494 conspectu

122 2531 225 2615 atque
248 2533 366 2617 optata
391 2527 582 2620 praesentia
602 2526 814 2619 compotivit.
837 2524 1024 2595 ¹Postremo
1043 2525 1128 2595 nihil
1153 2525 1206 2593 iu-

121 2643 270 2716 cundius
288 2654 439 2739 expecto
455 2669 560 2740 quam
579 2647 843 2742 Rempublicam
856 2656 966 2729 tuam,
980 2647 1014 2714 in
1029 2666 1097 2738 qua
1112 2647 1206 2736 prin-

120 2766 232 2858 cipem
253 2774 288 2836 tc
312 2770 406 2840 Deus
432 2780 469 2839 et
494 2770 607 2838 virtus
633 2778 670 2838 et
689 2767 862 2836 maiorum
889 2767 1034 2856 sanguis
1060 2766 1200 2848 faciunt,

122 2888 245 2959 alienis
277 2890 382 2960 modo
414 2889 638 2960 motiunculis
671 2889 861 2979 inquietam
893 2895 953 2957 tua
986 2883 1205 2978 providentia

123 3020 228 3103 atquc
255 3013 459 3083 auctoritate
488 3011 635 3083 restitui.
662 3012 762 3083 Nunc
781 3031 868 3099 ergo
893 3008 989 3100 quod
1014 3025 1110 3095 saepe
1136 3003 1204 3075 iam

123 3133 247 3219 iecisti,
275 3133 355 3226 quis
375 3141 575 3224 quantusve
597 3133 646 3204 sis
667 3131 800 3204 mundo
820 3127 977 3211 ostendo,
999 3149 1113 3218 eoque
1133 3151 1206 3200 ma-

125 3256 180 3347 gis
205 3278 276 3348 quo
303 3266 336 3327 te
365 3257 443 3348 ipso
469 3257 589 3341 maior,
625 3257 765 3341 clarior,
805 3254 978 3344 altiorque
1002 3253 1115 3324 iactus
1153 3272 1203 3321 es.

122 3377 217 3448 l'cra
238 3379 349 3449 virtus
385 3379 521 3449 senium
548 3400 617 3449 non
642 3380 768 3450 sentit:
794 3375 999 3447 immortalis
1025 3369 1112 3446 est?
1136 3394 1205 3443 non

123 3521 203 3572 aevo
224 3501 392 3572 minuitur
407 3503 469 3573 sed
490 3504 616 3574 crescit
635 3512 669 3573 et
690 3502 735 3573 ad
750 3522 924 3572 summum
946 3500 1051 3582 venit,
1074 3507 1206 3589 atquae

123 3624 158 3691 in
180 3624 361 3696 iuventute
383 3625 506 3709 ssoruit,
529 3625 562 3695 in
586 3635 764 3696 senectute
782 3620 976 3694 fructificat.
996 3623 1047 3692 Tu
1068 3637 1206 3710 quoquc

125 3746 184 3837 qui
211 3768 280 3817 non
303 3749 337 3817 in
365 3749 473 3818 sterili
499 3759 559 3818 ant
584 3749 726 3842 palustri
756 3749 837 3826 solo,
867 3743 930 3814 scd
957 3761 1062 3812 secus
1087 3737 1207 3807 latices

127 3867 228 3939 rivos
251 3871 285 3939 in
307 3871 419 3940 solido
447 3871 629 3955 radicasti,
665 3870 769 3942 totius
797 3889 890 3938 nunc
923 3872 1090 3935 anteactae
1124 3858 1207 3926 vitae

127 3992 260 4064 tructus
278 3991 474 4064 uberrimos
496 4009 532 4067 et
551 4004 723 4068 maturam
746 3992 891 4085 gloriam
913 3985 1034 4078 patriae
1058 3992 1126 4051 tuae
1147 3979 1209 4050 de

129 4112 202 4185 bes.
219 4117 278 4190 lua
290 4130 325 4189 te
337 4127 452 4199 vocat,
475 4119 509 4187 in
525 4128 701 4211 asperat,
717 4114 886 4191 auxilium
901 4121 998 4180 tuum
1011 4103 1136 4201 poscit:
1151 4121 1209 4170 ac-
