2670 4688
529 336 682 386 emsronu
704 338 798 386 xxxii.
1136 323 1190 385 391

126 501 245 554 sexus.
258 479 431 572 Siquidem
447 480 536 551 duos
548 481 710 560 Plautios
727 481 850 551 mirum
869 479 973 563 dictu,
991 491 1028 551 ut
1039 479 1194 552 eiusdem

125 603 272 673 nominis
294 602 343 674 sic
364 602 456 696 paris
481 603 651 685 amentiae,
674 601 886 693 impatientia
904 601 1033 672 doloris
1054 603 1089 671 in
1109 624 1196 674 uxo

127 750 200 798 rum
223 726 391 798 mortibus
414 745 494 796 sese
514 725 629 817 gladio
650 723 957 797 transverberasse
982 736 1195 820 compertum

125 860 192 921 est:
213 848 307 941 quod
328 848 419 943 apud
440 848 617 920 Valerium
635 847 824 918 Maximum
847 868 917 917 non
938 847 1100 918 excusari
1121 860 1197 920 tan·

126 981 198 1041 tum
220 969 283 1041 sed
304 952 448 1055 laudari,
468 971 497 1040 si
514 970 558 1041 de
576 971 714 1064 proprio
732 969 823 1062 loqui
843 970 965 1057 datur,
984 993 1049 1042 nec
1064 991 1198 1043 excuso

126 1115 189 1164 neo
221 1091 334 1164 laudo.
370 1091 454 1184 Legi
488 1105 632 1166 mortem
666 1093 844 1178 ludorum,
881 1093 973 1189 apud
996 1115 1086 1186 quos
1118 1116 1195 1167 cum

128 1217 271 1286 mortuis
294 1216 379 1286 viris
395 1216 490 1288 vivae
507 1226 705 1287 cremantur
724 1236 874 1286 uxores:
894 1217 963 1307 legi
981 1218 1196 1307 singulorum

126 1338 320 1422 hominum,
356 1338 423 1429 legi
454 1342 658 1433 populorum
691 1347 795 1430 atque
831 1340 1049 1410 exercituum
1084 1341 1197 1412 luctus

126 1472 194 1532 tam
217 1463 456 1548 vehementes,
479 1472 517 1533 ut
535 1462 675 1554 quidam
702 1483 799 1531 arma
829 1462 1072 1554 reliquumque
1096 1483 1197 1533 orna·

126 1585 372 1678 tumsquidam
394 1585 496 1657 otiam
520 1586 726 1677 semetipsos
744 1583 937 1655 ardentium
955 1584 1083 1657 ducum
1103 1587 1197 1679 rogis

124 1709 322 1781 iniecerint:
339 1708 406 1795 legi
423 1708 654 1801 quorumdam
677 1707 781 1779 fidem
796 1728 1050 1800 supervacuam
1065 1709 1194 1781 amico-

127 1855 211 1913 rum,
227 1833 309 1902 nulli
329 1832 457 1915 utilem,
470 1842 506 1902 et
522 1830 728 1903 damnosam
745 1829 823 1914 sibi,
841 1831 899 1921 qui
917 1829 1054 1901 confodi
1072 1830 1196 1922 gladiis

125 1957 222 2025 iuxta
253 1953 378 2025 dilecta
410 1952 581 2026 cadavera
603 1955 819 2036 maluerunt,
841 1975 948 2045 quam
975 1953 1057 2023 dum
1081 1953 1198 2025 liceret

124 2077 285 2148 evadere.
307 2076 361 2150 Ad
384 2100 553 2150 summam
583 2081 710 2149 multos
741 2076 881 2149 invenio
905 2076 1033 2169 quibus
1053 2098 1195 2148 causam

123 2200 244 2272 mortis
257 2201 356 2273 dulor
368 2203 503 2272 attulit:
521 2201 578 2273 cui
595 2222 680 2272 vero
699 2209 843 2272 mortem
859 2199 1024 2283 intulerit,
1044 2202 1193 2272 nullum:

123 2323 188 2394 nisi
216 2327 302 2395 sorte
330 2346 391 2416 pro
417 2345 501 2395 vero
527 2325 713 2415 recipimus
740 2324 834 2416 quod
855 2324 900 2395 de
919 2325 1070 2396 Homero
1095 2337 1195 2417 poeta

123 2443 263 2535 quidam
285 2445 469 2535 scripsere,
497 2466 639 2535 remque
674 2455 740 2514 tam
772 2448 913 2517 stultam
940 2446 984 2517 de
1005 2456 1073 2516 tam
1094 2449 1196 2520 docto

124 2565 209 2647 viru,
237 2565 281 2636 dc
307 2575 448 2655 tamque
472 2564 590 2637 divino
617 2566 755 2656 ingenio
782 2569 949 2660 suspicari
977 2567 1068 2638 libet.
1096 2569 1196 2652 Quod

125 2691 236 2780 ipsum
261 2689 456 2760 tamenetsi
478 2688 567 2759 inter
584 2710 668 2759 vera
687 2712 870 2761 numerare
889 2691 1114 2774 voluerimus,
1134 2714 1197 2764 nec

123 2812 167 2883 de
188 2822 299 2882 morte
318 2811 461 2883 alterius
482 2812 579 2884 dulor
600 2811 677 2894 luit,
695 2833 758 2883 nec
776 2813 953 2905 repentina
976 2814 1029 2884 vis
1050 2813 1194 2896 doloris;

124 2934 186 3005 sed
210 2932 382 3026 aegritudo
405 2937 493 3006 sorte
519 2934 635 3018 animi,
664 2943 699 3005 ct
723 2934 940 3024 aegritudinis
972 2937 1058 3007 forte
1084 2937 1195 3008 inedia

123 3080 163 3129 ac
183 3056 325 3148 spiritus
347 3057 382 3127 in
402 3056 477 3127 dies
500 3056 643 3138 tristior,
664 3056 723 3149 qui
743 3057 983 3151 proculdubio
1007 3057 1109 3129 vitam
1133 3060 1196 3130 im-

125 3179 265 3262 minuit,
288 3190 324 3250 et
344 3179 434 3250 sicut
456 3181 623 3274 scriptum
648 3189 717 3263 cst,
745 3183 887 3249 consiccet
916 3203 999 3263 essu,
1027 3190 1062 3252 ct
1091 3203 1194 3273 quem

124 3302 252 3371 multus
269 3301 433 3392 paulatim
453 3322 516 3372 seu
534 3312 820 3394 consumpturum
838 3321 931 3386 esse,
951 3322 1014 3373 scu
1035 3324 1195 3373 consum-

124 3423 239 3516 psisse
259 3445 327 3495 non
349 3445 491 3515 negem:
510 3425 543 3495 in
566 3423 694 3517 quibus
715 3446 841 3495 nomen
866 3423 971 3497 habet
987 3425 1196 3497 Macedoniae

124 3568 189 3617 rex
208 3546 385 3640 Philippus
407 3545 527 3619 morbo
554 3548 658 3618 animi
686 3569 732 3619 ex
758 3548 970 3620 crudelitatis
992 3549 1141 3639 propriae
1162 3558 1197 3616 ct

124 3670 264 3741 iniusrae
285 3669 372 3740 tristi
396 3691 543 3762 seraque
564 3671 785 3763 poenitentia,
806 3673 994 3763 Perseique
1019 3669 1078 3738 filii
1107 3667 1197 3738 dolis

126 3803 160 3861 ot
173 3792 348 3886 impietate
365 3802 550 3864 contracto.
565 3793 649 3864 Nam
665 3796 792 3865 Paulus
806 3795 963 3875 Rutilius,
979 3815 1095 3883 quom,
1111 3813 1196 3860 nun-

126 3913 213 3986 ciata
232 3918 348 3988 lratris
370 3917 507 4009 repulsa
530 3915 563 3987 in
584 3920 786 3988 consulatus
810 3917 981 4010 petitione,
999 3914 1086 3985 illico
1099 3915 1197 4008 expi-

127 4055 225 4108 rasse
245 4039 364 4111 scribit
384 4039 513 4110 Plinius
535 4039 680 4131 septimo
702 4039 875 4110 Naturalis
896 4037 1075 4121 Historiae,
1103 4047 1198 4108 utut

128 4175 249 4229 verum
270 4160 325 4244 sit,
349 4163 427 4233 huic
448 4161 631 4234 sententian
653 4158 843 4255 praeiudicii
867 4158 948 4229 nilril
971 4160 1082 4241 all'ort,
1103 4158 1195 4251 quod
