2834 5086
190 760 247 823 522
528 777 685 826 uresmux
707 778 922 827 nrrrnaauuu.

189 917 398 1002 necessaria,
419 939 484 989 nec
501 929 694 1012 praestaret.
718 920 826 992 Nobis
844 941 940 1005 sane,
955 923 984 992 si
1002 925 1160 1027 sapimus
1166 980 1173 1006 ,
1194 947 1263 997 non

189 1040 223 1109 in
245 1041 386 1130 longum
408 1040 523 1124 modo,
547 1040 664 1112 sedin
688 1040 792 1112 finem
818 1066 957 1136 qnoque
983 1044 1263 1140 prospiciendum

188 1173 256 1240 est.
276 1173 313 1233 ut
330 1161 481 1233 vitemus
499 1161 582 1259 illud
601 1164 742 1235 Senecae
758 1165 853 1256 quod
873 1165 1024 1237 humano
1045 1169 1164 1258 generi
1183 1168 1264 1241 tacit

188 1285 448 1378 improperium,
470 1284 528 1355 ubi
551 1286 599 1357 ait
612 1314 619 1357 ε
633 1284 848 1378 depuratus
869 1290 946 1357 oitae
970 1293 1113 1377 copitarc
1134 1312 1261 1374 omnes,

187 1409 351 1477 neminem
379 1405 419 1488 dc
449 1418 526 1477 tom.
556 1409 648 1479 Vere
673 1410 723 1479 sic
743 1421 797 1481 est
816 1411 928 1494 enim,
950 1420 987 1480 et
1006 1411 1073 1482 hoc
1092 1422 1149 1482 est
1168 1412 1263 1505 quod

185 1529 328 1598 consilia
362 1539 482 1599 nostra
505 1531 712 1626 praecipitat,
741 1540 778 1602 ut
802 1532 892 1603 inter
920 1534 1164 1625 occupationes
1191 1544 1260 1606 tam

185 1653 303 1722 varias
340 1648 588 1744 (miserandum
624 1653 724 1725 simul
756 1664 795 1725 et
827 1653 1024 1748 ridiculum)
1060 1657 1261 1747 ignoremus

184 1792 335 1863 quonam
356 1772 556 1844 fluctuantis
580 1773 662 1846 vitae
683 1774 921 1865 gubernacula
951 1774 1155 1866 dirigamus.
1184 1777 1262 1849 Scio

186 1893 425 1966 Clausaevallis
467 1894 653 1988 optabilem
699 1895 827 1967 aestivo
869 1898 1063 1991 praesertim
1106 1909 1262 1992 tempore

185 2016 390 2086 stationem:
415 2024 450 2088 et
471 2018 501 2089 si
523 2020 581 2089 ulli
604 2041 756 2112 unquam
778 2038 943 2090 secessus
964 2018 1019 2091 ille
1039 2032 1163 2111 gratus
1183 2022 1259 2107 luit,

183 2137 266 2207 milii
295 2137 404 2210 luisse
437 2140 691 2232 gratissimum,
724 2139 890 2211 decennis
916 2140 1044 2214 indicio
1069 2154 1125 2214 est
1151 2164 1259 2215 mora.

182 2260 283 2343 Quod
310 2260 340 2332 si
366 2260 459 2353 apud
492 2273 540 2344 te,
567 2263 636 2332 imo
666 2283 752 2333 vero
785 2261 878 2355 apud
911 2266 1060 2335 alterum
1086 2285 1156 2350 me,
1186 2267 1260 2337 sine

182 2382 344 2454 iactantia
365 2384 505 2474 gloriari
526 2384 614 2466 licet,
639 2406 720 2476 pace
751 2385 933 2467 montium,
962 2407 1002 2455 ac
1030 2385 1190 2469 fontium,
1219 2409 1260 2457 ac

183 2506 349 2575 silvarum
383 2503 469 2596 quid
504 2504 607 2575 habet
637 2507 733 2577 locus
759 2507 816 2574 ille
847 2505 1033 2595 gloriosius
1064 2506 1258 2579 habitatore

182 2627 388 2695 Franciscol
408 2626 508 2708 Quod
529 2625 659 2697 idcirco
678 2625 827 2695 dixerim
859 2645 902 2694 ne
936 2624 1014 2716 quis
1039 2623 1177 2695 dubitet
1202 2650 1258 2698 me

180 2747 264 2853 illud
292 2767 351 2841 rus
381 2769 472 2816 nunc
502 2768 684 2838 spernere,
719 2748 815 2842 quod
844 2746 927 2816 mihi
964 2747 1120 2839 meisque
1153 2746 1258 2819 rebus

180 2868 397 2961 aptissimum
426 2890 563 2962 semper
588 2870 723 2954 inveni,
759 2868 818 2939 ubi
851 2890 946 2961 saepe
975 2891 1079 2942 curas
1104 2869 1258 2942 urbanas

180 2990 310 3064 rustica
332 2990 452 3084 requie
474 2992 688 3085 permutavi:
713 2991 809 3084 quod
833 3014 904 3064 non
930 3001 1064 3064 tuntum
1089 2992 1258 3065 electione

178 3113 267 3206 ipsa,
302 3114 364 3185 scd
395 3113 596 3206 agrestibus
630 3113 755 3198 muris,
788 3123 839 3198 et,
875 3127 1059 3217 utlspero,
1092 3113 1257 3186 solidiore

177 3247 359 3318 coemento,
387 3236 506 3306 verbis
538 3246 645 3329 atque
675 3235 889 3308 carminibus
920 3238 1095 3308 illustrare
1125 3236 1254 3307 studui.

177 3361 264 3444 Illic,
284 3361 381 3432 iuvat
399 3360 492 3429 onim
512 3359 724 3442 meminisse,
742 3359 895 3430 Africam
918 3379 1029 3429 meam
1050 3358 1138 3450 cmpi
1159 3366 1255 3427 tanto

178 3482 308 3574 impetu
337 3491 503 3573 tantoque
529 3482 607 3550 nisu
634 3481 754 3564 animi,
788 3491 825 3552 ut
857 3501 948 3550 nunc
974 3480 1091 3547 limam
1112 3500 1175 3570 per
1195 3499 1255 3547 ea-

176 3603 254 3675 dem
275 3606 429 3675 relerens
447 3603 611 3694 vestigia,
631 3602 705 3695 ipse
724 3623 835 3673 meam
857 3601 1055 3684 audaciam,
1076 3609 1111 3670 et
1128 3620 1255 3691 magna

175 3726 290 3817 operis
312 3725 535 3797 fundamenta
555 3724 813 3817 quodammodo
835 3724 1110 3817 perhorrescam.
1130 3721 1200 3791 lllic
1220 3730 1255 3792 et

174 3849 399 3940 epistolarum
429 3849 610 3939 utriusque
644 3846 713 3916 stili
749 3857 879 3937 partem
915 3867 983 3916 non
1014 3843 1192 3936 exiguam,
1220 3856 1256 3914 et

174 3991 262 4060 pene
295 3979 402 4040 totum
433 3970 633 4039 Bucolicum
667 3988 807 4037 carmen
837 3964 987 4051 absolvi,
1018 3987 1122 4058 quam
1156 3964 1252 4035 brevi

174 4088 310 4161 dicrum
333 4091 459 4183 spatio,
482 4091 510 4159 si
532 4090 639 4171 noris,
664 4097 816 4182 stupeas.
835 4088 957 4159 Nullus
979 4091 1074 4158 locus
1095 4096 1156 4156 aut
1178 4087 1254 4177 plus

174 4213 237 4280 ocii
259 4213 425 4304 praebuit,
448 4223 508 4283 aut
527 4212 686 4282 stimulos
708 4211 869 4282 acriores.
893 4210 949 4280 Ex
969 4207 1130 4282 omnibus
1152 4205 1253 4277 terris

175 4353 216 4401 ac
247 4337 386 4406 saeculis
420 4335 574 4405 illustres
606 4331 701 4403 viros
736 4333 770 4403 in
806 4356 910 4403 unum
943 4329 1168 4404 contrahendi
1196 4328 1253 4398 illa

174 4452 257 4523 mihi
281 4456 430 4528 solitudo
450 4456 546 4528 dedit
566 4456 731 4528 animum.
759 4455 953 4526 Solitariam
980 4455 1087 4524 vitam
1114 4450 1253 4542 religio-

175 4596 324 4669 sumque
348 4579 470 4664 otium,
498 4578 636 4670 singula
661 4576 709 4649 ibi
734 4576 882 4669 singulis
908 4570 1144 4646 voluminibus
1174 4592 1252 4665 pcr-
