2670 4688
234 123 327 173 tinen
346 120 850 172 tremoremque-emeretr
870 120 934 169 utu.
1084 106 1124 169 75

10 295 25 311 ·
47 265 232 359 Ephesum
258 260 431 354 urbesque
456 260 542 332 alies
560 281 580 330 a
598 257 749 331 imminis
773 256 931 329 conditus
959 255 1125 352 Asiaque

47 398 90 459 et
102 388 252 481 Europae
265 379 769 479 meguumpnrtemuimminis
782 377 1028 471 subiugatum?
1041 381 1126 466 Quis

48 509 166 582 nescit
185 511 221 581 in
240 508 357 580 Africa
378 506 653 597 carthaginense
672 502 858 596 Imperium
878 504 982 574 unius
1008 505 1127 577 viduee

48 635 184 706 virtute
202 634 407 705 fundatum?
425 629 513 714 Quis
535 650 601 701 non
620 626 703 719 legit
718 625 945 698 israeliticum
962 630 1127 720 populum

50 768 90 830 et
110 757 259 829 duorum
281 755 385 828 nnius
402 752 467 825 viri
481 753 668 845 onningum
683 749 894 843 totidemque
913 750 1128 844 sponsalium

55 880 262 953 eneiiinrum
293 877 516 951 ioeounditete
542 874 777 969 progenitum,
807 885 843 947 et
877 874 980 946 unius
1003 873 1129 946 ·viduae

54 1004 250 1075 constantia
275 1001 459 1072 liberatum
490 998 590 1071 ducis
623 999 774 1070 hostium
803 1009 908 1092 ceput
937 999 970 1068 in
998 998 1130 1090 gremio

56 1125 263 1198 referentis?
278 1124 416 1219 Europa
432 1121 582 1216 quidem,
597 1121 663 1193 nisi
682 1142 799 1193 amore
816 1120 979 1216 decipior,
1001 1121 1131 1216 optime

56 1259 93 1319 et
112 1246 327 1318 nobilissime
341 1268 422 1338 pers
439 1257 622 1329 terrerum,
644 1244 749 1316 unius
769 1244 876 1336 regiae
895 1243 1043 1336 virginis
1070 1267 1131 1316 no-

59 1392 139 1441 men
160 1380 293 1452 servet,
320 1370 421 1440 ouius
453 1379 610 1440 matema
635 1367 715 1439 avia
739 1379 852 1439 muter
875 1367 1049 1459 Agenoris
1074 1367 1132 1438 Li·

57 1490 138 1588 byae
159 1513 282 1564 nomen
304 1492 411 1565 dedit.
431 1492 502 1565 Nec
522 1492 637 1564 minus
649 1492 732 1563 Asia
747 1512 893 1564 numem
914 1492 1031 1574 tertie,
1054 1512 1131 1585 spe-

61 1615 108 1685 tio
128 1615 270 1688 dimidie
288 1615 407 1688 muudi
429 1635 526 1710 pum,
544 1626 580 1686 et
600 1616 676 1707 ipsa
696 1614 894 1686 ioemineum
915 1636 1041 1686 nomen
1062 1627 1128 1685 est.

59 1739 109 1810 ltu
130 1739 217 1808 trine
244 1738 403 1831 tripartiti
422 1738 517 1809 orbis
539 1739 722 1832 appellatio
746 1738 842 1810 dictu
861 1739 988 1809 mirum
1008 1749 1044 1809 et
1069 1758 1132 1829 pro

60 1883 151 1934 sexu
184 1860 373 1933 infirmiore
405 1860 642 1954 magnificum,
676 1884 746 1934 uon
777 1861 918 1933 aliunde
950 1881 1054 1954 quam
1087 1860 1132 1931 de

60 1984 162 2056 trium
176 1984 394 2057 foeminarum
409 2006 593 2078 progressa
605 1984 804 2057 nominibus
819 1996 936 2056 munet
947 1983 1132 2056 hactenus:

60 2129 123 2180 nee
147 2107 251 2181 video
275 2131 339 2179 our
362 2129 430 2180 non
461 2130 540 2180 oum
572 2107 649 2203 ipsa
679 2110 799 2182 mundi
828 2119 932 2181 aetate
958 2128 1134 2180 mansurae

63 2231 143 2301 sint.
166 2229 273 2301 tratiae
294 2227 400 2300 urbes
415 2231 564 2312 Mantua,
577 2231 804 2324 Parthenope,
827 2231 953 2313 Caieta,
976 2231 1132 2313 Lavinia,

62 2352 164 2421 Graia
190 2351 334 2440 insuper
366 2348 451 2417 urbs
484 2351 642 2432 Athene,
669 2374 714 2421 ue
742 2363 884 2424 cunctas
914 2373 1132 2431 enumerem.

63 2469 149 2562 quid
181 2478 263 2546 sunt
291 2466 385 2540 eliud
416 2488 520 2560 qnam
548 2468 728 2541 muliebria
748 2473 910 2543 nomine?
934 2473 1026 2556 Quid
1049 2495 1136 2544 vero

64 2613 157 2664 nune
180 2592 499 2684 mmeneseloquer
512 2605 697 2676 matrones,
711 2592 838 2687 quibus
852 2592 934 2663 nihii
953 2594 1135 2666 honestius

64 2713 193 2797 hebuit,
213 2713 296 2784 nihii
312 2713 497 2786 candidius
513 2714 609 2787 orbis
630 2721 758 2789 terrae‘t
774 2717 930 2790 Profecto
949 2718 979 2790 si
998 2739 1134 2811 oepero,

63 2838 125 2910 vix
150 2839 319 2912 desinam.
350 2839 459 2911 Huius
483 2841 573 2912 enim
607 2843 789 2928 orationis,
823 2842 918 2936 quod
941 2842 988 2915 de
1020 2844 1136 2933 magni

63 2961 214 3054 Pompeii
233 2963 395 3034 laudibus
412 2964 460 3034 eit
474 2965 604 3048 Cicero,
619 2965 791 3039 difficitius
808 2979 865 3038 est
879 2967 1012 3039 exitum
1030 2987 1134 3057 quum
1260 3058 1263 3063 .

63 3084 268 3180 principium
279 3086 445 3160 invenire.
458 3087 545 3158 Nem
559 3089 646 3181 quie
665 3090 1000 3182 quaeso,Lucretinm
1018 3087 1137 3160 verbis

65 3219 184 3300 aequet
217 3206 389 3300 pudicitiae
419 3211 682 3283 severissimum
707 3213 913 3306 exemplar?
938 3210 1046 3282 Cuius
1070 3212 1137 3283 etsi

65 3335 193 3404 sectum
211 3351 464 3424 usquequaque
480 3352 550 3404 non
570 3334 723 3427 probem,
739 3335 836 3428 quod
854 3335 1004 3407 alienum
1022 3334 1136 3406 scelus

68 3466 137 3527 tum
162 3452 317 3543 graviter
342 3453 375 3522 in
402 3474 466 3524 suo
491 3476 635 3548 corpore
663 3459 732 3527 uite
758 3467 834 3528 est:
861 3478 998 3549 nequeo
1023 3468 1136 3529 temen

68 3596 272 3667 generosam
289 3576 375 3646 iram
394 3584 430 3646 et
445 3577 558 3647 omnis
577 3577 797 3670 turpitudinis
815 3579 1047 3673 impatientem
1066 3579 1138 3650 eni-

68 3722 164 3770 mum
189 3721 259 3771 nou
279 3698 409 3769 mirari.
435 3698 521 3782 Quis
543 3699 681 3770 Cleliam
702 3701 874 3792 virginem
899 3702 1004 3793 digne
1027 3705 1137 3796 expli-

68 3830 134 3904 cet,
167 3841 248 3913 quae
275 3819 410 3891 hostilis
443 3818 621 3891 exercitus
649 3823 749 3893 elusa
776 3822 943 3906 custodia,
976 3823 1136 3895 Tiberino

69 3943 197 4034 gurgiti
223 3942 394 4027 innatare,
423 3941 616 4036 virgineam
634 3941 742 4016 aciem
764 3946 953 4037 puellarum
975 3946 1134 4020 obsidum
