2670 4688
134 267 192 325 '2tili
471 279 510 324 ttts
533 277 633 325 ttttttds
656 274 878 324 r'lttttttttltttts

135 423 273 492 venturi
311 424 443 491 tructus
482 421 694 512 praesagium
731 416 943 509 concepisse.
982 418 1056 490 Nec
1092 439 1169 490 non
1194 430 1231 492 et

134 543 247 613 latinis
274 544 469 632 gratulatus
490 543 609 624 lllusiS,
632 540 727 633 quod
759 539 992 612 insolentibus
1017 541 1141 612 Graiis
1171 545 1227 615 vel

134 665 358 755 reliquissent
376 663 591 753 ambiguam,
613 664 671 732 vel
690 672 821 733 certam
842 661 1025 734 victoriam
1045 661 1226 735 abstulis-

134 798 232 857 sent:
257 788 442 879 ntrinsque
467 786 559 856 enim
586 786 769 856 sententiae
801 795 962 857 auctores
985 797 1093 856 sunt:
1124 800 1170 873 te,
1196 790 1224 857 si

131 929 179 977 ex
197 908 294 979 libris
316 910 469 980 animum
494 917 589 978 tuum
611 909 710 990 novi,
733 929 838 999 quem
860 928 1007 978 noscere
1034 908 1127 978 mihi
1154 932 1222 981 non

131 1032 231 1101 aliter
256 1053 360 1123 quam
386 1033 415 1100 si
442 1042 555 1102 tecum
582 1029 914 1120 vixissemvideor,
944 1031 1080 1101 ultimae
1106 1053 1220 1105 asser-

134 1165 242 1227 torem
260 1158 432 1239 tuturum,
451 1164 559 1247 utque
577 1155 611 1226 in
629 1154 779 1227 oratoria
796 1154 938 1239 dedisti,
958 1155 1063 1227 sicin
1082 1158 1220 1250 poetica

131 1280 279 1373 palmam
307 1278 404 1348 Latio
430 1277 608 1360 daturum,
631 1289 735 1370 atque
758 1286 796 1347 ut
816 1277 950 1348 AEneidi
972 1278 1123 1351 cederet
1143 1281 1220 1353 llias

131 1403 309 1471 iussurum
340 1398 450 1469 fuisse
476 1421 543 1470 non
570 1399 706 1485 dubito,
737 1398 830 1491 quod
856 1401 924 1469 iam
946 1398 992 1470 ab
1012 1401 1115 1472 initio
1143 1404 1219 1473 Vir·

130 1522 248 1611 giliani
274 1520 402 1590 laboris
428 1520 628 1614 Propertius
655 1542 860 1593 asseverare
893 1542 963 1591 non
997 1521 1128 1595 timuit.
1157 1524 1218 1596 Ubi

129 1643 220 1711 enim
243 1641 342 1711 Pierii
362 1643 478 1733 operis
499 1644 723 1714 fundamenta
743 1647 997 1738 contemplatus
1023 1653 1099 1730 est,
1135 1647 1218 1740 qnid

130 1761 174 1833 de
194 1763 262 1833 illis
283 1763 442 1846 sentiret,
468 1778 503 1836 et
529 1764 612 1856 quid
640 1778 797 1859 speraret
822 1776 941 1859 aperte
966 1768 1219 1858 pronunciavit

129 1886 185 1956 bis
204 1886 395 1960 versibus:

288 2076 391 2140 dedite
407 2075 535 2139 Romani
553 2078 733 2158 scriptores,
751 2076 849 2140 cedite
866 2076 963 2152 Graii;

369 2171 475 2234 llcscio
493 2173 566 2250 quid
584 2174 684 2235 maius
701 2174 837 2235 nascitur
852 2172 950 2236 Iliade.

126 2373 209 2441 Haec
228 2371 274 2441 de
294 2372 404 2441 altero
425 2372 543 2442 latina>
563 2372 655 2445 duce
669 2372 850 2456 facundiae,
868 2393 1079 2466 magnaeque
1092 2376 1216 2450 Romae

126 2512 188 2583 spe
209 2493 329 2564 altera.
351 2494 450 2566 Nunc
470 2496 515 2568 ad
538 2506 569 2567 te
591 2504 760 2566 revertor.
782 2494 874 2578 Quid
893 2495 1040 2585 devita,
1063 2498 1155 2589 quid
1173 2499 1217 2571 de

124 2615 263 2704 ingenio
286 2628 344 2689 tuo
366 2619 513 2690 seutiam
539 2618 692 2690 audisti·
706 2619 883 2709 Expectas
908 2616 1030 2688 audire
1051 2619 1099 2690 de
1117 2620 1217 2695 libris

125 2735 193 2806 tuis
214 2758 376 2827 quaenam
399 2741 475 2811 illos
495 2740 675 2831 exceperit
700 2742 851 2820 fortuna,
878 2761 982 2831 quam
1011 2759 1077 2810 scu
1093 2736 1217 2835 ¹vulgo

125 2879 188 2930 seu
212 2856 428 2930 doctioribus
454 2860 664 2952 probentur?
689 2861 821 2929 Extant
852 2858 1015 2952 equidem
1042 2865 1216 2955 praeclara

125 2980 315 3062 volumina,
332 2999 414 3071 quac
440 3001 484 3049 ne
504 2978 615 3050 dicam
638 2981 825 3071 perlegere,
846 2983 911 3054 sed
924 3005 988 3054 nec
1001 3004 1214 3059 enumerare

126 3104 327 3176 sufficimus.
363 3101 470 3171 Fama
508 3122 624 3173 rerum
659 3113 798 3172 tuarum
836 3103 1064 3175 celeberrima
1102 3119 1214 3201 atque

125 3229 248 3317 ingens
279 3232 317 3296 et
344 3243 509 3295 sonorum
541 3244 690 3294 nornen:
723 3225 855 3316 perrari
889 3239 1004 3298 autem
1038 3228 1211 3315 studiosi,

125 3367 188 3416 sou
210 3356 402 3440 temporum
424 3344 628 3429 adversitas,
653 3366 716 3414 sen
737 3345 954 3436 ingeniorum
977 3349 1157 3422 hebetudo
1175 3361 1213 3423 et

125 3467 303 3553 segnities,
327 3487 389 3536 sou
409 3465 504 3557 qnod
526 3465 636 3556 magis
658 3466 817 3549 arbitror,
837 3469 903 3539 alio
920 3491 1052 3561 cogens
1070 3473 1212 3545 animos

123 3589 294 3679 tumiditas
319 3611 425 3660 causa
450 3598 515 3660 est.
543 3588 662 3680 ltaque
687 3587 851 3661 librorum
878 3592 983 3685 aliqui
1004 3594 1139 3685 (nescio
1164 3617 1211 3668 an

125 3709 403 3805 irreparabiliter)
422 3710 616 3794 nobiscum,
634 3713 694 3803 qui
713 3734 805 3782 nunc
826 3713 990 3797 vivimus,
1011 3717 1078 3786 uisi
1095 3719 1210 3802 fallor,

123 3833 241 3917 procul
274 3834 382 3905 dubio
413 3833 567 3928 periere:
604 3854 754 3924 magnus
782 3835 881 3906 dolor
914 3857 1026 3919 mous
1056 3860 1212 3930 maguus

13 3970 16 3974 ⁸
123 3952 241 4018 sacculi
272 3959 383 4026 nostri
415 3957 539 4053 pudor,
576 3976 701 4047 magna
734 3958 945 4048 posteritatis
976 3960 1111 4032 iniuria.
1139 3964 1213 4037 No·

122 4092 189 4159 qur
211 4074 301 4142 enirn
327 4083 410 4149 saus
433 4084 560 4153 inlatae
580 4080 696 4157 visum
718 4091 773 4150 ost
795 4078 932 4170 ingenia
953 4089 1073 4176 nostra
1095 4087 1212 4177 negli-
