<?xml version="1.0" encoding="UTF-8"?>
<!DOCTYPE html PUBLIC "-//W3C//DTD XHTML 1.0 Transitional//EN"
    "http://www.w3.org/TR/xhtml1/DTD/xhtml1-transitional.dtd">
<html xmlns="http://www.w3.org/1999/xhtml" xml:lang="en" lang="en">
 <head>
  <title>
</title>
<meta http-equiv="Content-Type" content="text/html;charset=utf-8" />
  <meta name='ocr-system' content='tesseract 3.04.00' />
  <meta name='ocr-capabilities' content='ocr_page ocr_carea ocr_par ocr_line ocrx_word'/>
</head>
<body>
  <div class='ocr_page' id='page_1' title='image "./epistolaederebu01fracgoog_0440.png"; bbox 0 0 2670 4688; ppageno 0'>
   <div class='ocr_carea' id='block_1_1' title="bbox 541 302 1204 367">
    <p class='ocr_par' dir='ltr' id='par_1_1' title="bbox 541 302 1204 367">
     <span class='ocr_line' id='line_1_1' title="bbox 541 302 1204 367; baseline -0.005 0"><span class='ocrx_word' id='word_1_1' title='bbox 541 318 695 367; x_wconf 77' lang='lat' dir='ltr'>cursuum</span> <span class='ocrx_word' id='word_1_2' title='bbox 716 318 798 367; x_wconf 80' lang='lat' dir='ltr'>xcix.</span> <span class='ocrx_word' id='word_1_3' title='bbox 1144 302 1204 365; x_wconf 83' lang='grc'>439</span> 
     </span>
    </p>
   </div>
   <div class='ocr_carea' id='block_1_2' title="bbox 128 459 1207 2859">
    <p class='ocr_par' dir='ltr' id='par_1_2' title="bbox 128 459 1207 2859">
     <span class='ocr_line' id='line_1_2' title="bbox 134 459 1203 554; baseline -0.005 -22"><span class='ocrx_word' id='word_1_4' title='bbox 134 474 279 536; x_wconf 85' lang='lat' dir='ltr'>mentem</span> <span class='ocrx_word' id='word_1_5' title='bbox 317 463 430 546; x_wconf 89' lang='lat' dir='ltr'>venit,</span> <span class='ocrx_word' id='word_1_6' title='bbox 472 461 677 554; x_wconf 83' lang='lat' dir='ltr'><strong>particulam</strong></span> <span class='ocrx_word' id='word_1_7' title='bbox 698 462 819 532; x_wconf 87' lang='lat' dir='ltr'>saltem</span> <span class='ocrx_word' id='word_1_8' title='bbox 859 481 961 530; x_wconf 88' lang='lat' dir='ltr'>uuam</span> <span class='ocrx_word' id='word_1_9' title='bbox 1007 459 1203 530; x_wconf 78' lang='lat' dir='ltr'>dedicatam</span> 
     </span>
     <span class='ocr_line' id='line_1_3' title="bbox 131 580 1204 674; baseline -0.004 -18"><span class='ocrx_word' id='word_1_10' title='bbox 131 596 273 657; x_wconf 87' lang='lat' dir='ltr'>aeternae</span> <span class='ocrx_word' id='word_1_11' title='bbox 305 585 481 658; x_wconf 84' lang='lat' dir='ltr'>memoriae</span> <span class='ocrx_word' id='word_1_12' title='bbox 518 583 744 655; x_wconf 86' lang='lat' dir='ltr'>sacratissimi</span> <span class='ocrx_word' id='word_1_13' title='bbox 776 582 907 654; x_wconf 88' lang='lat' dir='ltr'>domini</span> <span class='ocrx_word' id='word_1_14' title='bbox 944 581 1053 654; x_wconf 81' lang='lat' dir='ltr'>nostri</span> <span class='ocrx_word' id='word_1_15' title='bbox 1095 580 1204 674; x_wconf 88' lang='lat' dir='ltr'>regis,</span> 
     </span>
     <span class='ocr_line' id='line_1_4' title="bbox 132 703 1205 798; baseline -0.007 -18"><span class='ocrx_word' id='word_1_16' title='bbox 132 711 187 780; x_wconf 92' lang='lat' dir='ltr'>vel</span> <span class='ocrx_word' id='word_1_17' title='bbox 221 710 271 780; x_wconf 90' lang='lat' dir='ltr'>sic</span> <span class='ocrx_word' id='word_1_18' title='bbox 302 708 449 780; x_wconf 76' lang='lat' dir='ltr'>defessis</span> <span class='ocrx_word' id='word_1_19' title='bbox 483 707 601 798; x_wconf 80' lang='lat' dir='ltr'>digitis</span> <span class='ocrx_word' id='word_1_20' title='bbox 634 726 837 791; x_wconf 86' lang='lat' dir='ltr'>exararem,</span> <span class='ocrx_word' id='word_1_21' title='bbox 864 707 1000 786; x_wconf 87' lang='lat' dir='ltr'>volens,</span> <span class='ocrx_word' id='word_1_22' title='bbox 1027 713 1064 776; x_wconf 90' lang='lat' dir='ltr'>ut</span> <span class='ocrx_word' id='word_1_23' title='bbox 1086 703 1205 777; x_wconf 87' lang='lat' dir='ltr'>verbis</span> 
     </span>
     <span class='ocr_line' id='line_1_5' title="bbox 131 824 1205 922; baseline -0.003 -21"><span class='ocrx_word' id='word_1_24' title='bbox 131 831 209 902; x_wconf 92' lang='lat' dir='ltr'>eius</span> <span class='ocrx_word' id='word_1_25' title='bbox 228 842 314 915; x_wconf 91' lang='lat' dir='ltr'>utar,</span> <span class='ocrx_word' id='word_1_26' title='bbox 336 829 402 900; x_wconf 91' lang='lat' dir='ltr'>hoc</span> <span class='ocrx_word' id='word_1_27' title='bbox 422 828 578 921; x_wconf 83' lang='lat' dir='ltr'>pretium,</span> <span class='ocrx_word' id='word_1_28' title='bbox 601 848 748 922; x_wconf 88' lang='lat' dir='ltr'>parvum</span> <span class='ocrx_word' id='word_1_29' title='bbox 769 826 924 919; x_wconf 86' lang='lat' dir='ltr'>quidem,</span> <span class='ocrx_word' id='word_1_30' title='bbox 944 825 1008 896; x_wconf 89' lang='lat' dir='ltr'>sed</span> <span class='ocrx_word' id='word_1_31' title='bbox 1027 824 1205 920; x_wconf 88' lang='lat' dir='ltr'>sicutipse</span> 
     </span>
     <span class='ocr_line' id='line_1_6' title="bbox 131 948 1206 1043; baseline -0.004 -18"><span class='ocrx_word' id='word_1_32' title='bbox 131 954 316 1036; x_wconf 83' lang='lat' dir='ltr'>existimat,</span> <span class='ocrx_word' id='word_1_33' title='bbox 338 952 463 1024; x_wconf 91' lang='lat' dir='ltr'>animis</span> <span class='ocrx_word' id='word_1_34' title='bbox 494 951 624 1023; x_wconf 86' lang='lat' dir='ltr'>vestris</span> <span class='ocrx_word' id='word_1_35' title='bbox 650 960 802 1043; x_wconf 88' lang='lat' dir='ltr'>gratum,</span> <span class='ocrx_word' id='word_1_36' title='bbox 829 949 932 1023; x_wconf 84' lang='lat' dir='ltr'>vobis</span> <span class='ocrx_word' id='word_1_37' title='bbox 958 948 1113 1035; x_wconf 88' lang='lat' dir='ltr'>duobus,</span> <span class='ocrx_word' id='word_1_38' title='bbox 1141 972 1206 1021; x_wconf 91' lang='lat' dir='ltr'>nec</span> 
     </span>
     <span class='ocr_line' id='line_1_7' title="bbox 131 1071 1206 1170; baseline -0.004 -23"><span class='ocrx_word' id='word_1_39' title='bbox 131 1098 200 1147; x_wconf 92' lang='lat' dir='ltr'>unu</span> <span class='ocrx_word' id='word_1_40' title='bbox 232 1084 267 1146; x_wconf 89' lang='lat' dir='ltr'>at</span> <span class='ocrx_word' id='word_1_41' title='bbox 299 1075 464 1168; x_wconf 90' lang='lat' dir='ltr'>magistro</span> <span class='ocrx_word' id='word_1_42' title='bbox 494 1074 534 1144; x_wconf 86' lang='lat' dir='ltr'>N.</span> <span class='ocrx_word' id='word_1_43' title='bbox 568 1074 614 1146; x_wconf 88' lang='lat' dir='ltr'>de</span> <span class='ocrx_word' id='word_1_44' title='bbox 643 1072 781 1170; x_wconf 83' lang='lat' dir='ltr'>Aliphiu</span> <span class='ocrx_word' id='word_1_45' title='bbox 809 1071 1035 1167; x_wconf 79' lang='lat' dir='ltr'>praemittere,</span> <span class='ocrx_word' id='word_1_46' title='bbox 1057 1093 1206 1165; x_wconf 90' lang='lat' dir='ltr'>quorum</span> 
     </span>
     <span class='ocr_line' id='line_1_8' title="bbox 132 1193 1205 1288; baseline -0.003 -19"><span class='ocrx_word' id='word_1_47' title='bbox 132 1197 283 1275; x_wconf 86' lang='lat' dir='ltr'>consiliis</span> <span class='ocrx_word' id='word_1_48' title='bbox 304 1219 346 1268; x_wconf 88' lang='lat' dir='ltr'>ac</span> <span class='ocrx_word' id='word_1_49' title='bbox 365 1196 543 1270; x_wconf 81' lang='lat' dir='ltr'>favoribus</span> <span class='ocrx_word' id='word_1_50' title='bbox 569 1197 707 1288; x_wconf 87' lang='lat' dir='ltr'>negotia</span> <span class='ocrx_word' id='word_1_51' title='bbox 734 1217 798 1267; x_wconf 87' lang='lat' dir='ltr'>suu</span> <span class='ocrx_word' id='word_1_52' title='bbox 823 1193 867 1267; x_wconf 90' lang='lat' dir='ltr'>ad</span> <span class='ocrx_word' id='word_1_53' title='bbox 893 1197 1050 1267; x_wconf 89' lang='lat' dir='ltr'>votivum</span> <span class='ocrx_word' id='word_1_54' title='bbox 1072 1194 1205 1266; x_wconf 85' lang='lat' dir='ltr'>exilum</span> 
     </span>
     <span class='ocr_line' id='line_1_9' title="bbox 131 1316 1206 1414; baseline -0.001 -24"><span class='ocrx_word' id='word_1_55' title='bbox 131 1330 340 1414; x_wconf 88' lang='lat' dir='ltr'>perventura</span> <span class='ocrx_word' id='word_1_56' title='bbox 358 1318 508 1392; x_wconf 88' lang='lat' dir='ltr'>confidit.</span> <span class='ocrx_word' id='word_1_57' title='bbox 537 1321 572 1388; x_wconf 94' lang='lat' dir='ltr'>Iu</span> <span class='ocrx_word' id='word_1_58' title='bbox 598 1341 677 1412; x_wconf 89' lang='lat' dir='ltr'>qun,</span> <span class='ocrx_word' id='word_1_59' title='bbox 705 1340 749 1389; x_wconf 90' lang='lat' dir='ltr'>ne</span> <span class='ocrx_word' id='word_1_60' title='bbox 775 1339 857 1410; x_wconf 89' lang='lat' dir='ltr'>spes</span> <span class='ocrx_word' id='word_1_61' title='bbox 878 1317 964 1402; x_wconf 86' lang='lat' dir='ltr'>eius,</span> <span class='ocrx_word' id='word_1_62' title='bbox 987 1319 1015 1390; x_wconf 90' lang='lat' dir='ltr'>si</span> <span class='ocrx_word' id='word_1_63' title='bbox 1043 1316 1206 1412; x_wconf 86' lang='lat' dir='ltr'>possibile</span> 
     </span>
     <span class='ocr_line' id='line_1_10' title="bbox 130 1440 1206 1538; baseline 0 -25"><span class='ocrx_word' id='word_1_64' title='bbox 130 1451 192 1526; x_wconf 89' lang='lat' dir='ltr'>est,</span> <span class='ocrx_word' id='word_1_65' title='bbox 215 1444 451 1538; x_wconf 82' lang='lat' dir='ltr'>ullaexparte</span> <span class='ocrx_word' id='word_1_66' title='bbox 465 1445 682 1526; x_wconf 82' lang='lat' dir='ltr'>frustrentur,</span> <span class='ocrx_word' id='word_1_67' title='bbox 706 1440 831 1513; x_wconf 89' lang='lat' dir='ltr'>iterum</span> <span class='ocrx_word' id='word_1_68' title='bbox 852 1453 956 1536; x_wconf 86' lang='lat' dir='ltr'>atque</span> <span class='ocrx_word' id='word_1_69' title='bbox 981 1443 1106 1514; x_wconf 87' lang='lat' dir='ltr'>ilerum</span> <span class='ocrx_word' id='word_1_70' title='bbox 1128 1464 1206 1535; x_wconf 90' lang='lat' dir='ltr'>pre—</span> 
     </span>
     <span class='ocr_line' id='line_1_11' title="bbox 130 1565 1206 1657; baseline 0.001 -23"><span class='ocrx_word' id='word_1_71' title='bbox 130 1586 199 1635; x_wconf 90' lang='lat' dir='ltr'>cor.</span> <span class='ocrx_word' id='word_1_72' title='bbox 222 1565 392 1636; x_wconf 84' lang='lat' dir='ltr'>Caeteuum</span> <span class='ocrx_word' id='word_1_73' title='bbox 413 1577 451 1637; x_wconf 90' lang='lat' dir='ltr'>ut</span> <span class='ocrx_word' id='word_1_74' title='bbox 471 1568 605 1657; x_wconf 82' lang='lat' dir='ltr'>eglogae</span> <span class='ocrx_word' id='word_1_75' title='bbox 626 1566 731 1637; x_wconf 91' lang='lat' dir='ltr'>huius</span> <span class='ocrx_word' id='word_1_76' title='bbox 757 1565 889 1636; x_wconf 83' lang='lat' dir='ltr'>facilior</span> <span class='ocrx_word' id='word_1_77' title='bbox 916 1587 1043 1638; x_wconf 90' lang='lat' dir='ltr'>seusus</span> <span class='ocrx_word' id='word_1_78' title='bbox 1066 1567 1122 1650; x_wconf 91' lang='lat' dir='ltr'>sit,</span> <span class='ocrx_word' id='word_1_79' title='bbox 1144 1586 1206 1636; x_wconf 91' lang='lat' dir='ltr'>uo-</span> 
     </span>
     <span class='ocr_line' id='line_1_12' title="bbox 130 1684 1205 1779; baseline 0.003 -25"><span class='ocrx_word' id='word_1_80' title='bbox 130 1685 224 1756; x_wconf 82' lang='lat' dir='ltr'>ueris</span> <span class='ocrx_word' id='word_1_81' title='bbox 239 1707 301 1778; x_wconf 92' lang='lat' dir='ltr'>per</span> <span class='ocrx_word' id='word_1_82' title='bbox 315 1697 566 1777; x_wconf 82' lang='lat' dir='ltr'>argumentum,</span> <span class='ocrx_word' id='word_1_83' title='bbox 585 1684 630 1757; x_wconf 89' lang='lat' dir='ltr'>de</span> <span class='ocrx_word' id='word_1_84' title='bbox 647 1708 717 1779; x_wconf 93' lang='lat' dir='ltr'>quo</span> <span class='ocrx_word' id='word_1_85' title='bbox 735 1686 791 1757; x_wconf 90' lang='lat' dir='ltr'>hic</span> <span class='ocrx_word' id='word_1_86' title='bbox 810 1687 936 1758; x_wconf 89' lang='lat' dir='ltr'>mentio</span> <span class='ocrx_word' id='word_1_87' title='bbox 953 1697 1015 1770; x_wconf 89' lang='lat' dir='ltr'>est,</span> <span class='ocrx_word' id='word_1_88' title='bbox 1031 1696 1205 1778; x_wconf 84' lang='lat' dir='ltr'>pastorem</span> 
     </span>
     <span class='ocr_line' id='line_1_13' title="bbox 130 1807 1207 1904; baseline 0.005 -27"><span class='ocrx_word' id='word_1_89' title='bbox 130 1810 317 1889; x_wconf 89' lang='lat' dir='ltr'>oculatum,</span> <span class='ocrx_word' id='word_1_90' title='bbox 340 1808 730 1902; x_wconf 88' lang='lat' dir='ltr'>circumspectissimum</span> <span class='ocrx_word' id='word_1_91' title='bbox 750 1807 928 1882; x_wconf 92' lang='lat' dir='ltr'>dominum</span> <span class='ocrx_word' id='word_1_92' title='bbox 947 1831 1079 1901; x_wconf 86' lang='lat' dir='ltr'>regem,</span> <span class='ocrx_word' id='word_1_93' title='bbox 1096 1810 1154 1904; x_wconf 91' lang='lat' dir='ltr'>qui</span> <span class='ocrx_word' id='word_1_94' title='bbox 1172 1821 1207 1882; x_wconf 89' lang='lat' dir='ltr'>et</span> 
     </span>
     <span class='ocr_line' id='line_1_14' title="bbox 130 1930 1203 2024; baseline 0.003 -26"><span class='ocrx_word' id='word_1_95' title='bbox 130 1930 204 2021; x_wconf 91' lang='lat' dir='ltr'>ipse</span> <span class='ocrx_word' id='word_1_96' title='bbox 231 1931 435 2024; x_wconf 91' lang='lat' dir='ltr'>populorum</span> <span class='ocrx_word' id='word_1_97' title='bbox 469 1951 611 2002; x_wconf 91' lang='lat' dir='ltr'>suorum</span> <span class='ocrx_word' id='word_1_98' title='bbox 647 1941 739 2004; x_wconf 93' lang='lat' dir='ltr'>totus</span> <span class='ocrx_word' id='word_1_99' title='bbox 772 1933 916 2004; x_wconf 86' lang='lat' dir='ltr'>oculeus</span> <span class='ocrx_word' id='word_1_100' title='bbox 937 1940 1055 2024; x_wconf 89' lang='lat' dir='ltr'>pastor</span> <span class='ocrx_word' id='word_1_101' title='bbox 1080 1934 1203 2016; x_wconf 86' lang='lat' dir='ltr'>luerat,</span> 
     </span>
     <span class='ocr_line' id='line_1_15' title="bbox 128 2051 1205 2144; baseline 0.005 -25"><span class='ocrx_word' id='word_1_102' title='bbox 128 2051 326 2143; x_wconf 84' lang='lat' dir='ltr'>importari:</span> <span class='ocrx_word' id='word_1_103' title='bbox 362 2074 423 2144; x_wconf 86' lang='lat' dir='ltr'>per</span> <span class='ocrx_word' id='word_1_104' title='bbox 456 2052 587 2125; x_wconf 84' lang='lat' dir='ltr'>Idaeum</span> <span class='ocrx_word' id='word_1_105' title='bbox 623 2054 739 2125; x_wconf 85' lang='lat' dir='ltr'>Iovem</span> <span class='ocrx_word' id='word_1_106' title='bbox 773 2062 947 2136; x_wconf 88' lang='lat' dir='ltr'>nostrum,</span> <span class='ocrx_word' id='word_1_107' title='bbox 981 2053 1042 2144; x_wconf 88' lang='lat' dir='ltr'>qui</span> <span class='ocrx_word' id='word_1_108' title='bbox 1076 2051 1110 2122; x_wconf 91' lang='lat' dir='ltr'>iu</span> <span class='ocrx_word' id='word_1_109' title='bbox 1143 2052 1205 2124; x_wconf 86' lang='lat' dir='ltr'>Ida</span> 
     </span>
     <span class='ocr_line' id='line_1_16' title="bbox 129 2173 1206 2274; baseline 0.003 -32"><span class='ocrx_word' id='word_1_110' title='bbox 129 2173 284 2245; x_wconf 87' lang='lat' dir='ltr'>Cretensi</span> <span class='ocrx_word' id='word_1_111' title='bbox 299 2177 390 2247; x_wconf 86' lang='lat' dir='ltr'>altus</span> <span class='ocrx_word' id='word_1_112' title='bbox 402 2185 471 2247; x_wconf 89' lang='lat' dir='ltr'>est:</span> <span class='ocrx_word' id='word_1_113' title='bbox 486 2199 549 2272; x_wconf 92' lang='lat' dir='ltr'>per</span> <span class='ocrx_word' id='word_1_114' title='bbox 562 2176 718 2274; x_wconf 78' lang='lat' dir='ltr'>Pythiam</span> <span class='ocrx_word' id='word_1_115' title='bbox 732 2174 920 2248; x_wconf 91' lang='lat' dir='ltr'>Barbatum</span> <span class='ocrx_word' id='word_1_116' title='bbox 931 2197 1055 2258; x_wconf 91' lang='lat' dir='ltr'>meum,</span> <span class='ocrx_word' id='word_1_117' title='bbox 1065 2186 1206 2271; x_wconf 87' lang='lat' dir='ltr'>propter</span> 
     </span>
     <span class='ocr_line' id='line_1_17' title="bbox 128 2295 1203 2391; baseline 0.007 -28"><span class='ocrx_word' id='word_1_118' title='bbox 128 2295 299 2387; x_wconf 78' lang='lat' dir='ltr'>insignem</span> <span class='ocrx_word' id='word_1_119' title='bbox 320 2297 482 2368; x_wconf 84' lang='lat' dir='ltr'>amicitiae</span> <span class='ocrx_word' id='word_1_120' title='bbox 500 2299 664 2388; x_wconf 88' lang='lat' dir='ltr'>gloriam,</span> <span class='ocrx_word' id='word_1_121' title='bbox 686 2319 790 2391; x_wconf 89' lang='lat' dir='ltr'>quam</span> <span class='ocrx_word' id='word_1_122' title='bbox 811 2319 890 2369; x_wconf 86' lang='lat' dir='ltr'>cum</span> <span class='ocrx_word' id='word_1_123' title='bbox 912 2297 995 2367; x_wconf 89' lang='lat' dir='ltr'>milri</span> <span class='ocrx_word' id='word_1_124' title='bbox 1016 2319 1085 2370; x_wconf 91' lang='lat' dir='ltr'>uon</span> <span class='ocrx_word' id='word_1_125' title='bbox 1106 2319 1203 2370; x_wconf 89' lang='lat' dir='ltr'>arro-</span> 
     </span>
     <span class='ocr_line' id='line_1_18' title="bbox 128 2418 1204 2511; baseline 0.004 -25"><span class='ocrx_word' id='word_1_126' title='bbox 128 2438 225 2505; x_wconf 89' lang='lat' dir='ltr'>gem,</span> <span class='ocrx_word' id='word_1_127' title='bbox 261 2438 329 2486; x_wconf 92' lang='lat' dir='ltr'>non</span> <span class='ocrx_word' id='word_1_128' title='bbox 351 2418 482 2487; x_wconf 85' lang='lat' dir='ltr'>Damon</span> <span class='ocrx_word' id='word_1_129' title='bbox 503 2418 593 2508; x_wconf 88' lang='lat' dir='ltr'>elegi</span> <span class='ocrx_word' id='word_1_130' title='bbox 616 2439 696 2489; x_wconf 90' lang='lat' dir='ltr'>esse</span> <span class='ocrx_word' id='word_1_131' title='bbox 723 2418 785 2490; x_wconf 90' lang='lat' dir='ltr'>sed</span> <span class='ocrx_word' id='word_1_132' title='bbox 819 2420 968 2502; x_wconf 77' lang='lat' dir='ltr'>SilviuS,</span> <span class='ocrx_word' id='word_1_133' title='bbox 1002 2429 1037 2490; x_wconf 88' lang='lat' dir='ltr'>et</span> <span class='ocrx_word' id='word_1_134' title='bbox 1063 2431 1204 2511; x_wconf 89' lang='lat' dir='ltr'>propter</span> 
     </span>
     <span class='ocr_line' id='line_1_19' title="bbox 129 2537 1192 2635; baseline 0.009 -31"><span class='ocrx_word' id='word_1_135' title='bbox 129 2538 268 2608; x_wconf 89' lang='lat' dir='ltr'>insitum</span> <span class='ocrx_word' id='word_1_136' title='bbox 290 2537 456 2609; x_wconf 89' lang='lat' dir='ltr'>silvarum</span> <span class='ocrx_word' id='word_1_137' title='bbox 477 2561 645 2624; x_wconf 89' lang='lat' dir='ltr'>amorem,</span> <span class='ocrx_word' id='word_1_138' title='bbox 664 2551 699 2611; x_wconf 90' lang='lat' dir='ltr'>et</span> <span class='ocrx_word' id='word_1_139' title='bbox 719 2542 800 2635; x_wconf 93' lang='lat' dir='ltr'>quia</span> <span class='ocrx_word' id='word_1_140' title='bbox 813 2542 878 2614; x_wconf 89' lang='lat' dir='ltr'>hoc</span> <span class='ocrx_word' id='word_1_141' title='bbox 891 2543 1051 2635; x_wconf 88' lang='lat' dir='ltr'>poetandi</span> <span class='ocrx_word' id='word_1_142' title='bbox 1071 2565 1192 2635; x_wconf 87' lang='lat' dir='ltr'>genus,</span> 
     </span>
     <span class='ocr_line' id='line_1_20' title="bbox 129 2657 1196 2743; baseline 0.007 -15"><span class='ocrx_word' id='word_1_143' title='bbox 129 2667 167 2728; x_wconf 89' lang='lat' dir='ltr'>ut</span> <span class='ocrx_word' id='word_1_144' title='bbox 185 2657 267 2743; x_wconf 87' lang='lat' dir='ltr'>dixi,</span> <span class='ocrx_word' id='word_1_145' title='bbox 290 2660 324 2729; x_wconf 94' lang='lat' dir='ltr'>iu</span> <span class='ocrx_word' id='word_1_146' title='bbox 346 2659 531 2733; x_wconf 84' lang='lat' dir='ltr'>solitudine</span> <span class='ocrx_word' id='word_1_147' title='bbox 557 2661 639 2732; x_wconf 91' lang='lat' dir='ltr'>mihi</span> <span class='ocrx_word' id='word_1_148' title='bbox 661 2675 695 2733; x_wconf 90' lang='lat' dir='ltr'>et</span> <span class='ocrx_word' id='word_1_149' title='bbox 715 2666 750 2733; x_wconf 92' lang='lat' dir='ltr'>iu</span> <span class='ocrx_word' id='word_1_150' title='bbox 768 2665 867 2734; x_wconf 91' lang='lat' dir='ltr'>silvis</span> <span class='ocrx_word' id='word_1_151' title='bbox 884 2674 1091 2736; x_wconf 88' lang='lat' dir='ltr'>occurrerat.</span> <span class='ocrx_word' id='word_1_152' title='bbox 1121 2665 1196 2736; x_wconf 87' lang='lat' dir='ltr'>Cae-</span> 
     </span>
     <span class='ocr_line' id='line_1_21' title="bbox 129 2784 667 2859; baseline 0.013 -10"><span class='ocrx_word' id='word_1_153' title='bbox 129 2790 200 2852; x_wconf 89' lang='lat' dir='ltr'>tera</span> <span class='ocrx_word' id='word_1_154' title='bbox 213 2784 305 2855; x_wconf 87' lang='lat' dir='ltr'>clara</span> <span class='ocrx_word' id='word_1_155' title='bbox 319 2793 411 2855; x_wconf 88' lang='lat' dir='ltr'>sunt.</span> <span class='ocrx_word' id='word_1_156' title='bbox 433 2784 561 2857; x_wconf 89' lang='lat' dir='ltr'>Iterum</span> <span class='ocrx_word' id='word_1_157' title='bbox 579 2788 667 2859; x_wconf 84' lang='lat' dir='ltr'>vale.</span> 
     </span>
    </p>
   </div>
   <div class='ocr_carea' id='block_1_3' title="bbox 233 2970 903 3044">
    <p class='ocr_par' dir='ltr' id='par_1_3' title="bbox 233 2970 903 3044">
     <span class='ocr_line' id='line_1_22' title="bbox 233 2970 903 3044; baseline 0.012 -20"><span class='ocrx_word' id='word_1_158' title='bbox 233 2970 301 3026; x_wconf 86' lang='lat' dir='ltr'>Data</span> <span class='ocrx_word' id='word_1_159' title='bbox 315 2972 343 3026; x_wconf 91' lang='lat' dir='ltr'>iu</span> <span class='ocrx_word' id='word_1_160' title='bbox 358 2971 465 3028; x_wconf 86' lang='lat' dir='ltr'>iuiernn</span> <span class='ocrx_word' id='word_1_161' title='bbox 481 2973 647 3044; x_wconf 83' lang='lat' dir='ltr'>viventium,</span> <span class='ocrx_word' id='word_1_162' title='bbox 666 2975 754 3032; x_wconf 82' lang='lat' dir='ltr'>XVIII</span> <span class='ocrx_word' id='word_1_163' title='bbox 771 2976 903 3032; x_wconf 87' lang='lat' dir='ltr'>Ianuarii.</span> 
     </span>
    </p>
   </div>
   <div class='ocr_carea' id='block_1_4' title="bbox 221 3263 1203 3482">
    <p class='ocr_par' dir='ltr' id='par_1_4' title="bbox 221 3263 1203 3482">
     <span class='ocr_line' id='line_1_23' title="bbox 221 3263 1014 3358; baseline 0 -25"><span class='ocrx_word' id='word_1_164' title='bbox 221 3263 355 3356; x_wconf 82' lang='lat' dir='ltr'>Egloge</span> <span class='ocrx_word' id='word_1_165' title='bbox 380 3265 537 3358; x_wconf 89' lang='lat' dir='ltr'>sequitur</span> <span class='ocrx_word' id='word_1_166' title='bbox 570 3265 594 3336; x_wconf 92' lang='lat' dir='ltr'>I.</span> <span class='ocrx_word' id='word_1_167' title='bbox 628 3264 757 3336; x_wconf 80' lang='lat' dir='ltr'>Aureus</span> <span class='ocrx_word' id='word_1_168' title='bbox 782 3288 930 3337; x_wconf 76' lang='lat' dir='ltr'>oceasum</span> <span class='ocrx_word' id='word_1_169' title='bbox 955 3278 1014 3336; x_wconf 83' lang='lat' dir='ltr'>etc.</span> 
     </span>
     <span class='ocr_line' id='line_1_24' title="bbox 222 3385 1203 3482; baseline 0.006 -29"><span class='ocrx_word' id='word_1_170' title='bbox 222 3385 480 3458; x_wconf 73' lang='lat' dir='ltr'>Bartholomaeus</span> <span class='ocrx_word' id='word_1_171' title='bbox 500 3387 649 3473; x_wconf 68' lang='lat' dir='ltr'>Fontine,</span> <span class='ocrx_word' id='word_1_172' title='bbox 676 3392 734 3482; x_wconf 83' lang='lat' dir='ltr'>qui</span> <span class='ocrx_word' id='word_1_173' title='bbox 760 3385 845 3460; x_wconf 78' lang='lat' dir='ltr'>Sec.</span> <span class='ocrx_word' id='word_1_174' title='bbox 878 3386 956 3457; x_wconf 88' lang='lat' dir='ltr'>XV.</span> <span class='ocrx_word' id='word_1_175' title='bbox 990 3387 1203 3459; x_wconf 76' lang='lat' dir='ltr'>Rhetoricam</span> 
     </span>
    </p>
   </div>
   <div class='ocr_carea' id='block_1_5' title="bbox 122 3505 1203 4218">
    <p class='ocr_par' dir='ltr' id='par_1_5' title="bbox 122 3505 1203 3849">
     <span class='ocr_line' id='line_1_25' title="bbox 124 3505 1201 3605; baseline 0.003 -28"><span class='ocrx_word' id='word_1_176' title='bbox 124 3505 303 3578; x_wconf 68' lang='lat' dir='ltr'>Florentiae</span> <span class='ocrx_word' id='word_1_177' title='bbox 322 3506 441 3593; x_wconf 85' lang='lat' dir='ltr'>docuit,</span> <span class='ocrx_word' id='word_1_178' title='bbox 460 3512 613 3602; x_wconf 74' lang='lat' dir='ltr'>cultuque</span> <span class='ocrx_word' id='word_1_179' title='bbox 632 3534 732 3605; x_wconf 85' lang='lat' dir='ltr'>opero</span> <span class='ocrx_word' id='word_1_180' title='bbox 757 3511 843 3583; x_wconf 83' lang='lat' dir='ltr'>edito</span> <span class='ocrx_word' id='word_1_181' title='bbox 859 3514 952 3602; x_wconf 80' lang='lat' dir='ltr'>suere</span> <span class='ocrx_word' id='word_1_182' title='bbox 972 3509 1201 3601; x_wconf 80' lang='lat' dir='ltr'>Francosurti,</span> 
     </span>
     <span class='ocr_line' id='line_1_26' title="bbox 122 3616 1203 3727; baseline 0.006 -28"><span class='ocrx_word' id='word_1_183' title='bbox 122 3652 212 3700; x_wconf 83' lang='lat' dir='ltr'>anuo</span> <span class='ocrx_word' id='word_1_184' title='bbox 235 3631 349 3712; x_wconf 77' lang='grc'><em>4624,</em></span> <span class='ocrx_word' id='word_1_185' title='bbox 371 3655 416 3702; x_wconf 83' lang='lat' dir='ltr'>ean</span> <span class='ocrx_word' id='word_1_186' title='bbox 431 3633 491 3704; x_wconf 78' lang='lat' dir='ltr'>lino</span> <span class='ocrx_word' id='word_1_187' title='bbox 507 3631 681 3704; x_wconf 78' lang='lat' dir='ltr'>Francisci</span> <span class='ocrx_word' id='word_1_188' title='bbox 695 3616 829 3727; x_wconf 78' lang='lat' dir='ltr'>ept&#39;stolu</span> <span class='ocrx_word' id='word_1_189' title='bbox 841 3633 1070 3727; x_wconf 83' lang='lat' dir='ltr'>depromptum</span> <span class='ocrx_word' id='word_1_190' title='bbox 1086 3633 1203 3706; x_wconf 69' lang='lat' dir='ltr'>ussmil</span> 
     </span>
     <span class='ocr_line' id='line_1_27' title="bbox 122 3751 674 3849; baseline 0.009 -27"><span class='ocrx_word' id='word_1_191' title='bbox 122 3774 257 3844; x_wconf 80' lang='lat' dir='ltr'>sequens</span> <span class='ocrx_word' id='word_1_192' title='bbox 277 3751 316 3824; x_wconf 84' lang='lat' dir='ltr'>de</span> <span class='ocrx_word' id='word_1_193' title='bbox 337 3753 436 3825; x_wconf 78' lang='lat' dir='ltr'>Latio</span> <span class='ocrx_word' id='word_1_194' title='bbox 462 3759 674 3849; x_wconf 78' lang='lat' dir='ltr'>epe&#39;prammu.</span> 
     </span>
    </p>

    <p class='ocr_par' dir='ltr' id='par_1_6' title="bbox 122 3875 1199 4218">
     <span class='ocr_line' id='line_1_28' title="bbox 221 3875 1199 3971; baseline 0.004 -26"><span class='ocrx_word' id='word_1_195' title='bbox 221 3875 463 3971; x_wconf 69' lang='lat' dir='ltr'>(tertullum.</span> <span class='ocrx_word' id='word_1_196' title='bbox 484 3875 689 3950; x_wconf 79' lang='lat' dir='ltr'>collectanea</span> <span class='ocrx_word' id='word_1_197' title='bbox 699 3883 769 3951; x_wconf 81' lang='lat' dir='ltr'>sive</span> <span class='ocrx_word' id='word_1_198' title='bbox 782 3880 1008 3952; x_wconf 79' lang='lat' dir='ltr'>memorabilia</span> <span class='ocrx_word' id='word_1_199' title='bbox 1021 3879 1098 3952; x_wconf 78' lang='lat' dir='ltr'>Mas.</span> <span class='ocrx_word' id='word_1_200' title='bbox 1113 3878 1199 3951; x_wconf 84' lang='lat' dir='ltr'>Bidl.</span> 
     </span>
     <span class='ocr_line' id='line_1_29' title="bbox 122 3993 1196 4092; baseline 0.007 -29"><span class='ocrx_word' id='word_1_201' title='bbox 122 3993 269 4070; x_wconf 82' lang='lat' dir='ltr'>Riccord.</span> <span class='ocrx_word' id='word_1_202' title='bbox 292 4022 325 4072; x_wconf 82' lang='lat' dir='ltr'>u.</span> <span class='ocrx_word' id='word_1_203' title='bbox 347 4001 382 4071; x_wconf 79' lang='lat'>5.</span> <span class='ocrx_word' id='word_1_204' title='bbox 407 4002 439 4071; x_wconf 86' lang='grc'>4.</span> <span class='ocrx_word' id='word_1_205' title='bbox 466 4003 525 4075; x_wconf 91' lang='grc'>46.</span> <span class='ocrx_word' id='word_1_206' title='bbox 544 4003 600 4092; x_wconf 81' lang='lat' dir='ltr'>soi.</span> <span class='ocrx_word' id='word_1_207' title='bbox 625 4004 710 4073; x_wconf 85' lang='grc'>484.</span> <span class='ocrx_word' id='word_1_208' title='bbox 727 4044 769 4056; x_wconf 90' lang='lat'>-·-</span> <span class='ocrx_word' id='word_1_209' title='bbox 789 4006 837 4074; x_wconf 87' lang='lat' dir='ltr'>De</span> <span class='ocrx_word' id='word_1_210' title='bbox 860 4001 948 4076; x_wconf 78' lang='lat' dir='ltr'>Sede</span> <span class='ocrx_word' id='word_1_211' title='bbox 982 4003 1016 4072; x_wconf 89' lang='lat' dir='ltr'>T.</span> <span class='ocrx_word' id='word_1_212' title='bbox 1043 4007 1079 4077; x_wconf 83' lang='lat'>2.</span> <span class='ocrx_word' id='word_1_213' title='bbox 1105 4005 1196 4076; x_wconf 85' lang='lat' dir='ltr'>Pice.</span> 
     </span>
     <span class='ocr_line' id='line_1_30' title="bbox 123 4116 361 4218; baseline 0.034 -32"><span class='ocrx_word' id='word_1_214' title='bbox 123 4116 229 4212; x_wconf 71' lang='lat' dir='ltr'>Iacetis.</span> <span class='ocrx_word' id='word_1_215' title='bbox 247 4144 282 4193; x_wconf 85' lang='lat' dir='ltr'>u.</span> <span class='ocrx_word' id='word_1_216' title='bbox 309 4122 361 4218; x_wconf 80' lang='lat' dir='ltr'>V).</span> 
     </span>
    </p>
   </div>
   <div class='ocr_carea' id='block_1_6' title="bbox 0 0 1340 4688">
    <p class='ocr_par' dir='ltr' id='par_1_7' title="bbox 0 0 1340 4688">
     <span class='ocr_line' id='line_1_31' title="bbox 0 0 1340 4688; baseline 0 0"><span class='ocrx_word' id='word_1_217' title='bbox 0 0 1340 4688; x_wconf 95' lang='lat' dir='ltr'> </span> 
     </span>
    </p>
   </div>
  </div>
 </body>
</html>
