2834 5086
171 716 229 777 llll
632 730 793 778 vallislucis

169 873 346 964 operaris:
371 873 483 941 iustos
509 880 545 940 et
569 869 681 942 bonos
707 870 868 961 sequeris
890 891 953 964 per
969 892 1072 945 omne
1098 880 1251 967 tempus,

167 996 247 1088 pius
266 996 301 1064 in
321 994 484 1076 consiliis,
508 994 621 1064 iustus
640 994 674 1064 in
695 994 857 1065 omnibus
877 994 1043 1087 operibus
1065 996 1146 1067 tuis.
1161 992 1255 1069 Cori·

168 1128 316 1189 stantem
334 1118 369 1186 iu
390 1116 505 1187 auimo
526 1125 559 1187 te
578 1128 674 1188 certe
694 1116 1021 1188 notileruu12lelici
1054 1125 1148 1189 statu
1181 1138 1252 1189 uuu

166 1240 311 1311 exaltari
329 1238 491 1311 adversis
511 1237 697 1308 eventibus
719 1241 841 1311 fortem
874 1260 944 1310 uon
976 1238 1183 1331 depressum
1218 1246 1253 1311 lc

167 1361 330 1432 reddere:
352 1357 586 1432 fortitudinem
608 1380 649 1430 ae
666 1360 830 1431 virtutem
851 1358 1014 1459 omnibus
1033 1356 1253 1452 temporibus

167 1484 330 1554 invictam
369 1484 419 1554 sie
456 1503 604 1553 servans
638 1483 852 1573 agnosceris.
883 1480 1095 1553 Declamaris
1134 1480 1253 1555 auimo

167 1604 275 1697 probo
310 1628 433 1676 revera
463 1603 599 1697 publica
621 1606 794 1696 longaque
821 1606 912 1676 sama
940 1602 1146 1697 intrepidae,
1180 1623 1251 1676 nou

166 1727 351 1811 remissus,
366 1748 434 1796 nou
448 1749 574 1797 vecors
584 1726 710 1799 diceris
725 1748 905 1819 apparere.
920 1728 1044 1799 Sancta
1066 1724 1250 1811 modestia,

165 1852 266 1943 pulsa
296 1850 557 1941 gastrimargia,
577 1851 753 1941 iungeris3
783 1849 1006 1931 castimonia,
1040 1847 1170 1919 reiecta
1201 1848 1252 1921 la-

167 1970 285 2049 scivia,
299 1968 493 2040 delectaris
503 1971 746 2063 Temperatuut
763 1970 798 2039 in
816 1967 935 2041 verbis
952 1978 988 2039 et
999 1967 1149 2055 actibus,
1161 1968 1251 2041 cibis

166 2098 202 2158 et
218 2087 357 2182 potibus
379 2102 411 2161 te
430 2089 488 2160 die
509 2113 550 2161 ac
570 2102 670 2161 nocte
690 2088 827 2183 experti
847 2088 1065 2163 manifestius
1082 2098 1252 2191 attestan-

166 2222 232 2281 tur.
255 2212 327 2282 Deo
345 2220 451 2304 atque
472 2210 671 2283 hominibus
693 2211 850 2301 gratam
877 2208 1040 2282 omuibus
1063 2230 1170 2303 opera
1191 2218 1252 2281 tua

166 2342 294 2425 patent.
321 2333 500 2404 llleditaris
533 2354 612 2403 uam
641 2331 769 2423 iugiter
799 2332 964 2424 quodque
1000 2332 1053 2401 fas
1085 2328 1253 2424 quodque

165 2458 278 2537 nefas,
300 2464 335 2526 et
353 2476 483 2548 purgas
505 2453 655 2525 animam
680 2457 770 2526 mala
790 2457 887 2526 faece.
910 2452 1058 2525 Felicem
1078 2452 1115 2523 iu
1133 2450 1254 2543 gradi-

165 2577 233 2648 bus
251 2577 401 2668 siugulis
421 2577 537 2649 dicere
555 2578 671 2647 malim
692 2588 724 2648 te
744 2577 961 2670 probandum
986 2595 1142 2648 consona
1159 2574 1254 2647 veri·

166 2707 235 2768 tate
256 2719 366 2789 regno
382 2698 626 2790 dignissimum
649 2698 928 2791 indignissimum
947 2719 1038 2769 rure.
1085 2704 1092 2714 '

561 3171 740 3237 El‘lSTOLl
767 3172 861 3237 XXIV.

284 3333 480 3384 rauucrscus
501 3335 669 3386 rurauacu
692 3336 825 3386 rouuruu
846 3335 985 3386 usurum
1006 3336 1031 3385 s.
1053 3338 1081 3387 r.
1103 3336 1134 3387 u.

271 3477 312 3533 De
326 3478 445 3551 hospitio
458 3479 511 3535 sibi
524 3498 541 3535 a
555 3480 667 3536 domino
682 3482 742 3536 eius
756 3481 908 3537 liberaliter
918 3482 1036 3539 llauluae
1048 3482 1141 3539 oblatu

544 3572 679 3627 maximas
692 3572 794 3644 gratias
808 3574 872 3643 agit.

263 3812 454 3883 Iucundum
483 3813 517 3883 in
550 3827 727 3906 stuporem
769 3823 827 3883 tua
861 3834 917 3882 me
954 3814 1060 3883 vertit
1091 3812 1250 3905 epistola.

165 3932 251 4015 Quis
276 3935 367 4004 enim
397 3956 464 4004 non
489 3934 637 4004 miretur
665 3946 700 4005 et
732 3931 897 4025 gaudeat,
925 3942 1030 4005 aetale
1055 3931 1251 4026 praesertim

166 4056 258 4127 unde
285 4066 352 4127 tam
381 4058 481 4147 longe
514 4057 629 4127 virtus
659 4058 793 4140 exulat,
827 4055 886 4127 ubi
920 4066 990 4127 tam
1024 4056 1092 4126 late
1126 4064 1253 4146 regnat

165 4180 327 4262 avaritia,
349 4179 499 4273 potentis
517 4179 668 4253 animum
689 4179 832 4275 reperiri
850 4188 887 4250 et
907 4176 1079 4251 libertatis
1098 4176 1251 4248 amicum

164 4311 199 4370 et
210 4303 401 4395 principum
418 4301 663 4375 modernorum
678 4301 833 4374 moribus
845 4320 1020 4394 generosa
1037 4300 1254 4372 contumacia

167 4420 419 4495 rebellantem?
435 4424 576 4516 Loquor
600 4426 644 4497 de
664 4425 838 4497 communi
860 4423 1013 4509 domino,
1040 4422 1140 4497 cuius
1157 4444 1253 4495 nuuc

165 4552 200 4611 ut
216 4562 309 4637 saepe
331 4548 416 4619 alias
440 4548 587 4639 insignis
606 4548 839 4621 munificentia
860 4549 1032 4642 cupientis
1052 4550 1129 4619 licel-
1143 4548 1253 4621 animi
