2670 4688
512 284 665 335 mussona
687 285 749 332 xrs.
921 295 923 299 <
1108 264 1168 326 :llz'r

91 448 236 522 rimum;
259 450 296 509 ut
315 437 380 508 etsi
399 454 469 505 non
491 431 596 502 modo
614 450 693 500 cum
714 427 846 498 exteris
867 429 931 499 sed
950 450 1028 500 cum
1050 430 1170 503 elaris·

92 565 181 636 sima
213 560 318 633 etiam
357 577 400 625 ac
431 551 550 625 divina
585 551 647 621 tori
682 549 795 631 socia,
821 571 901 620 cum
927 548 1006 621 liliis
1030 574 1171 647 quoque

93 682 316 758 suavissimis
358 687 464 770 atque
499 672 826 767 obsequentissimis
863 672 980 765 pueris
1019 695 1173 769 vereque

92 804 267 879 nobilibus
300 799 483 873 habuisset
511 795 686 868 interdum
721 798 799 866 leve
823 794 955 888 aliquid
975 799 1030 868 vel
1056 802 1175 871 coniu-

94 923 430 1019 galisquerimoniae
457 922 512 990 vel
547 932 720 1014 paternae,
755 939 892 988 mecum
928 917 1177 993 nihilomnino

96 1050 162 1120 nisi
183 1045 425 1139 quotidianum
449 1040 523 1112 veri
545 1063 585 1112 ae
606 1042 763 1134 perpetui
786 1039 915 1112 amoris
939 1053 1176 1133 augmentum.

96 1171 282 1261 Nunquam
301 1167 395 1236 illum
418 1163 546 1236 totiens
566 1163 634 1235 adii
656 1166 739 1257 quin
761 1162 894 1256 aliquid
915 1162 1071 1235 additum
1091 1166 1179 1236 auti-

98 1312 179 1383 quae
199 1287 455 1362 benevolentiae
477 1288 580 1357 laetus
600 1284 914 1357 animadverterem
935 1299 970 1358 et
987 1287 1177 1358 admirans.

100 1415 210 1484 Nemo
235 1411 332 1481 illum
354 1407 444 1479 vidit
464 1407 566 1478 aliter
583 1407 672 1477 mois
700 1428 806 1500 quam
834 1407 909 1478 suis
937 1418 998 1478 aut
1022 1408 1102 1499 angi
1129 1408 1181 1478 in-

97 1534 301 1617 commodis,
327 1543 388 1605 aut
408 1530 600 1602 commodis
625 1530 789 1622 gaudere,
810 1543 871 1602 aut
885 1529 1074 1602 honoribus
1108 1532 1182 1623 glo·

100 1659 192 1729 riari.
212 1658 296 1729 Tam
308 1656 343 1725 in
356 1652 644 1726 consuetudinem
662 1662 768 1745 atque
780 1664 890 1725 artem
906 1674 1048 1725 versum
1063 1653 1182 1737 scires,

102 1780 310 1873 utquisque
330 1778 478 1869 gratiam
495 1776 572 1848 eius
593 1773 756 1858 ambiret,
784 1799 866 1869 quae
891 1777 953 1848 diu
985 1776 1184 1849 necessaria

106 1916 211 1994 atque
230 1899 324 1971 utilis
346 1899 464 1969 multis
485 1897 564 1982 luit,
590 1896 652 1968 vix
679 1897 818 1968 aliunde
851 1918 956 1989 quam
977 1919 998 1968 a
1023 1896 1186 1969 laudibus

107 2025 196 2095 meis
216 2023 403 2114 inciperet;
420 2018 698 2091 efficacissimum
720 2017 952 2113 persuadendi
971 2040 1107 2112 genus3
1126 2042 1188 2092 ue-

103 2168 174 2240 que
193 2144 271 2217 aliis
293 2141 477 2236 praeceptis
496 2141 657 2213 oratoriis
678 2163 766 2237 opus
784 2155 873 2214 erat:
895 2142 1080 2215 artificiosa
1102 2143 1188 2216 satis

104 2269 216 2342 oratio
254 2264 466 2338 censebatur
502 2284 583 2356 quae
616 2265 704 2335 meis
737 2264 922 2337 decoribus
955 2267 1057 2360 plena
1081 2280 1188 2340 esset.

105 2391 323 2480 Quicumque
345 2409 400 2457 me
430 2385 574 2456 laudare
605 2386 791 2470 didicerat,
809 2389 912 2459 alicui
939 2388 1095 2482 suffragii
1121 2391 1189 2459 iem

108 2532 175 2581 non
199 2527 325 2598 egens,
352 2527 414 2597 pro
444 2505 638 2577 benedictis
672 2505 839 2578 beneficia
872 2509 1038 2580 merebat.
1064 2511 1191 2580 Contra

108 2633 295 2707 nonnullos
316 2639 485 2723 perpetuo
505 2628 688 2712 fastidivit,
716 2649 787 2699 non
815 2630 909 2724 quod
942 2632 988 2702 de
1020 2653 1076 2703 me
1103 2634 1193 2703 male

109 2755 214 2827 locuti
243 2763 365 2825 essent
391 2752 452 2845 (ea
477 2752 569 2822 cuim
600 2751 742 2822 acrioris
767 2751 836 2824 odii
858 2773 965 2825 causa
990 2752 1099 2848 erat),
1131 2755 1194 2826 sed

109 2875 205 2971 quod
223 2877 361 2971 parcius
381 2897 437 2947 me
455 2873 675 2957 laudassent,
687 2886 748 2946 aut
767 2875 969 2949 omniuo-de
990 2898 1046 2948 me
1066 2876 1194 2971 aliquid

112 3000 369 3083 demutissent,
392 2997 485 3101 unde
506 3018 545 3069 se
567 3019 723 3084 mecum,
743 3020 849 3091 quem
871 3001 946 3093 ipse
967 2999 1031 3072 sibi
1050 3020 1195 3095 prorsus

116 3121 422 3213 incomparabilem
445 3119 618 3212 lingebat,
646 3122 702 3191 vel
730 3124 832 3194 tacito
858 3121 985 3195 iudicio
1005 3125 1095 3194 velle
1114 3142 1197 3194 eon-

113 3243 215 3334 qucri
238 3243 471 3337 suspicionem
498 3245 555 3313 vel
580 3242 819 3317 tenuissimam
845 3244 1074 3338 concepisset.
1100 3246 1198 3317 Hunc

114 3385 184 3456 ego
211 3364 317 3453 igitur
347 3385 415 3435 non
442 3385 572 3445 amem,
602 3364 695 3436 hunc
727 3388 796 3437 non
834 3367 1072 3449 meminerim,
1106 3366 1198 3439 hunc

117 3509 186 3558 raon
209 3485 323 3567 ileum,
346 3487 405 3577 qui
429 3508 483 3556 me
509 3488 640 3556 amavit
672 3498 712 3559 ut
743 3509 797 3569 se,
827 3489 887 3580 qui
914 3491 982 3558 mei
1008 3510 1076 3560 non
1102 3489 1200 3562 aliter

118 3630 224 3702 quam
268 3608 322 3678 sui
360 3607 525 3691 meminit,
560 3611 620 3701 qui
654 3632 709 3682 me
731 3608 877 3702 'aegrum
912 3611 1009 3683 llevit
1045 3611 1200 3703 graviter

121 3743 158 3804 ut
177 3732 269 3803 scias
289 3732 438 3824 qualiter
465 3730 611 3803 licturus
640 3743 737 3803 esset
758 3735 979 3806 extinctum?
1011 3733 1094 3805 Milri
1116 3756 1201 3807 vero

124 3857 219 3947 prius
242 3854 357 3926 omnia
377 3876 482 3946 quam
507 3854 675 3924 memoria
700 3875 866 3949 amorque
891 3855 958 3926 viri
983 3856 1087 3928 huius
1106 3859 1230 3929 cxci-¹

122 3977 255 4049 derint:
287 3978 384 4072 prius
411 3979 503 4050 bunc
523 3975 684 4069 spiritum
712 3979 802 4048 lcssa
826 3978 982 4051 membra
1001 3978 1200 4061 destituent,

123 4120 228 4186 quam
251 4100 354 4172 lictus
385 4103 463 4175 islo,
483 4122 553 4193 quo
575 4099 718 4185 nutrior,
733 4120 802 4190 quo
819 4100 990 4175 delector:
1013 4104 1108 4197 purius
1138 4102 1202 4172 hoc
