2670 4688
300 334 392 383 croso
413 332 940 382 vicusmusrunrrus.-ar1srota
963 335 1003 382 rr.
1131 322 1190 386 203

114 503 197 554 vero
216 502 286 574 quo
307 500 363 550 me
383 479 486 548 altius
504 478 675 546 extuleris
698 476 860 546 humilior
881 474 973 562 fiam,
995 498 1109 569 neque
1134 500 1189 549 me

114 625 263 696 unquam
287 598 371 671 tanti
391 598 457 669 viri
479 601 581 669 lavor
601 615 690 666 meae
715 595 923 668 conditionis
949 599 1190 670 immemorem

113 728 221 799 laciet.
243 725 330 795 Olim
349 731 384 792 te
404 722 439 792 in
456 717 634 790 dominum
653 717 821 813 praelegi:
843 717 1045 808 magistrum
1067 727 1101 789 te
1121 742 1190 791 non

112 870 189 919 mea
222 846 302 917 iecit
330 843 446 925 lectio,
474 841 538 912 sed
569 841 699 931 ingenii
733 841 783 912 tui
814 841 978 931 vigeret
1011 841 1189 914 industria.

111 971 281 1059 Deinceps
307 966 412 1057 igitur
435 984 693 1055 quemeumque
719 986 774 1034 me
800 964 917 1034 lacito:
945 985 1019 1034 rem
1044 975 1138 1035 tuam
1156 965 1191 1036 in

112 1093 193 1173 alto,
209 1091 266 1159 vel
287 1086 408 1157 inimo
426 1107 551 1179 ponere
570 1096 667 1156 tuum
688 1087 800 1156 fuerit.
820 1085 933 1155 Meum
951 1095 1008 1156 est
1022 1108 1125 1158 nosse
1138 1109 1193 1159 me

112 1215 246 1305 ipsum,
267 1220 303 1280 et
324 1231 381 1280 res
404 1229 513 1291 meas,
535 1229 649 1300 neque
669 1208 831 1299 cuiquam
852 1207 950 1279 lacile
970 1209 1015 1280 de
1038 1230 1092 1279 me
1118 1210 1195 1303 ipso

112 1335 299 1429 plusquam
319 1329 583 1412 mihicredere,
601 1352 714 1421 eoque
727 1332 841 1404 minus
860 1331 940 1405 fidei
956 1331 1087 1404 habere
1106 1332 1193 1403 meis

113 1453 276 1530 laudibus
300 1474 371 1546 quo
395 1456 475 1546 plus
501 1474 557 1524 me
583 1454 741 1525 laudator
764 1455 945 1526 amaverit.
966 1455 1120 1528 Gratiam
1143 1464 1194 1526 ta-

113 1598 194 1649 men
216 1575 275 1646 tibi
297 1585 367 1647 tam
392 1575 440 1667 pii
465 1573 624 1657 affectus,
647 1583 786 1668 tamque
812 1577 955 1648 urbanae
980 1576 1193 1668 dignationis

113 1699 238 1783 haheo,
263 1708 366 1791 teque
391 1698 524 1768 felicem
544 1697 600 1768 tali
619 1698 748 1780 animo,
775 1722 831 1771 me
855 1701 913 1771 tali
935 1699 1063 1771 iudicio
1083 1703 1192 1772 fortu-

114 1833 232 1893 natum
253 1843 344 1891 reor.
366 1819 473 1891 Multa
495 1842 588 1891 nunc
606 1821 733 1911 cogito,
756 1821 819 1893 sed
844 1823 1022 1914 occupatio
1046 1823 1190 1913 ingens:

115 1953 252 2038 tempus
274 1942 382 2016 breve
401 1952 466 2015 est.
489 1943 531 2013 Et
550 1953 723 2037 praeterea
742 1944 858 2014 multis
880 1965 975 2038 saepe
994 1957 1029 2019 et
1053 1947 1192 2036 magnis

113 2065 160 2138 ad
180 2067 354 2138 Caesarem
375 2064 529 2156 epistolis
556 2064 697 2137 abunde
722 2066 840 2138 oculos
861 2075 940 2138 tuos
958 2080 1192 2161 occupaturus

114 2187 250 2270 videor,
270 2209 311 2258 ac
330 2188 498 2278 linguam,
520 2207 601 2279 quae
627 2189 715 2268 illas,
736 2196 951 2280 utaugnror,
966 2190 1075 2263 sacris
1095 2187 1189 2260 auri-

113 2311 181 2385 bus
201 2311 380 2382 invectura
400 2320 465 2381 est.
484 2311 571 2381 Huic
587 2311 720 2382 calamo
737 2309 870 2382 ardenti
886 2320 922 2383 ct
932 2314 1081 2406 plurima
1099 2322 1193 2384 sata·

115 2436 220 2527 genti,
248 2434 279 2502 si
304 2434 407 2525 paulo
425 2430 569 2502 liberius
590 2433 698 2502 fraena
722 2431 953 2519 momorderit,
973 2445 1011 2506 ut
1027 2436 1191 2527 ignoscas

114 2573 249 2646 quaeso.
275 2551 420 2623 Accedit
445 2562 480 2623 et
504 2554 704 2625 Bucolicum
735 2575 873 2627 carmen
897 2556 992 2650 quod
1017 2557 1191 2649 integrum

115 2683 196 2749 ante
218 2685 251 2745 te
273 2675 356 2743 nulli
376 2675 602 2767 permiseram
626 2673 766 2758 bahem,
786 2676 904 2750 videre
920 2691 1034 2753 autem
1056 2681 1190 2764 multis,

115 2800 215 2869 cuius
234 2786 511 2890 expositionem
531 2799 588 2866 vel
609 2798 723 2889 potius
743 2802 993 2894 expositorem,
1022 2815 1059 2876 ut
1086 2804 1190 2876 simul

116 2919 246 2992 habeas
267 2920 390 3004 velim,
410 2918 505 3013 quod
526 2939 594 2990 non
615 2920 712 3012 prius
732 2943 874 3015 sperare
889 2925 1063 3022 incipiam,
1086 2951 1191 3022 quam

116 3042 291 3113 Caesarem
312 3052 471 3114 nostrum
496 3042 585 3114 meis
612 3052 660 3115 tot
685 3045 872 3140 mundique
893 3051 1104 3124 clamoribus
1129 3075 1194 3123 ex-

115 3176 311 3256 perrectum
325 3165 476 3236 audiero.
490 3165 634 3259 Reliqua
649 3188 697 3239 cx
711 3189 765 3252 eo,
784 3171 845 3264 qui
863 3170 925 3245 has
943 3173 1003 3244 tibi
1024 3175 1195 3245 litterulas

115 3283 227 3368 dabit,
249 3285 515 3381 percontabere3
541 3290 693 3363 omnium
708 3301 814 3386 atque
838 3294 1013 3391 inprimis
1035 3320 1193 3371 mearum

116 3430 233 3477 rerum
255 3430 385 3498 gnarus
406 3410 451 3481 ad
473 3419 506 3483 te
526 3412 632 3485 venit.
650 3415 700 3487 oe
714 3439 786 3510 quo
806 3415 891 3489 nihil
907 3419 1014 3492 aliud:
1035 3442 1113 3492 uam
1133 3445 1196 3493 no-

116 3531 161 3601 sti
181 3531 311 3613 omnia,
334 3531 399 3601 nisi
420 3534 514 3624 quod
533 3535 622 3625 iuter
642 3561 823 3632 praeccoes
843 3543 891 3615 tui
917 3544 1081 3629 nominis,
1104 3565 1195 3639 quos

116 3657 244 3724 multos
266 3653 389 3737 hahes,
409 3679 476 3727 non
498 3660 597 3732 facile
617 3660 788 3758 cuiusque
806 3666 906 3739 altior
926 3667 1011 3739 tuba
1025 3680 1090 3741 est.
1111 3671 1197 3741 Vale

117 3777 274 3860 feliciter,
297 3793 454 3850 nostrum
475 3779 592 3854 decus.

257 3947 420 4018 Mediolani,
443 3951 503 4004 xtl.
521 3951 660 4010 Kalendas
674 3957 786 4028 Aprilis.
