2670 4688
461 249 501 296 bl:
525 250 624 298 nasus
647 248 867 298 r'lttlbtttttbts

543 520 720 589 arlaldus
747 520 792 588 ll'⁴

211 712 404 762 l'lldNClSCUS
427 710 594 760 Parnasus
617 711 649 760 ll.
673 711 787 761 tullio
808 709 957 760 CICERONI
978 712 1005 760 S.
1029 712 1058 761 P.
1082 708 1113 764 b.

149 875 293 952 ingenium
308 884 368 938 eius
381 880 510 938 laudibus
525 882 618 936 ellert:
636 880 751 953 Virgilio
765 896 830 936 sum
846 889 1002 954 comparat:
1020 900 1109 956 opera
1124 887 1183 940 cius

220 978 380 1028 enumerat:
397 973 480 1028 dellet
494 971 647 1026 eoecitatem
663 972 751 1028 aetatis
765 977 936 1028 cumeorum
950 972 1113 1030 incuriosae.

222 1253 257 1323 Si
284 1265 318 1325 te
344 1252 502 1347 superior
527 1253 670 1325 offendit
695 1253 839 1345 epistola
865 1252 1005 1345 (verum
1033 1246 1144 1338 euim,
1172 1262 1204 1325 ul

122 1380 197 1474 ipse
219 1379 311 1449 soles
330 1375 462 1459 dicere,
490 1376 585 1475 qood
605 1376 655 1446 ait
674 1374 853 1446 familiaris
880 1387 962 1446 tuus
987 1374 1023 1444 in
1050 1374 1204 1449 Andria:

124 1499 320 1592 Obsequium
344 1500 477 1581 amicos,
512 1500 635 1567 veritas
667 1495 777 1566 odium
808 1495 924 1590 parit),
958 1496 1079 1593 accipe
1115 1499 1204 1593 qood

121 1620 291 1692 offensum
310 1619 464 1692 animum
480 1638 527 1690 ex
547 1629 644 1711 parte
661 1619 827 1703 mulceat,
845 1640 910 1690 uec
928 1640 1071 1713 semper
1088 1622 1205 1714 odiosa

122 1738 168 1814 sit
185 1742 336 1826 veritas;
355 1738 522 1835 quoniam
540 1741 635 1813 veris
653 1738 985 1835 reprehensionibus
1006 1741 1203 1824 irascimur,

122 1865 217 1937 veris
236 1863 400 1936 laudibus
421 1864 646 1938 delectamur.
675 1863 725 1935 Tu
751 1861 906 1955 quidem,
942 1860 1079 1946 Cicero,
1113 1865 1204 1958 quod

123 2007 208 2081 pace
230 1996 289 2060 tua
308 1986 469 2071 dixerim,
493 1998 531 2058 ut
551 1986 655 2057 homo
671 1984 804 2067 vixisti,
828 1994 865 2055 ut
881 1995 999 2055 orator
1016 1980 1156 2071 dixisti,
1172 1999 1207 2058 ut

121 2109 350 2203 philosophus
363 2108 545 2202 scripsisti.
561 2108 677 2179 Vitam
691 2127 759 2198 ego
773 2118 867 2178 tuam
881 2107 1007 2200 carpsi,
1023 2129 1095 2179 nou
1110 2109 1207 2202 inge-

124 2223 219 2301 nium
237 2239 298 2299 aut
314 2228 478 2320 linguam,
494 2238 532 2298 ut
546 2229 606 2321 qui
620 2227 705 2298 illud
718 2228 832 2312 mirer,
849 2227 938 2301 banc
952 2239 1129 2321 stupeam.
1144 2231 1206 2304 Ns-

123 2374 194 2443 que
213 2358 327 2422 tamen
342 2346 376 2421 iu
391 2349 463 2422 vita
478 2362 535 2422 tua
548 2348 740 2444 quidquam
754 2362 885 2446 praeter
900 2352 1136 2449 constantiam
1157 2374 1208 2424 rc·

121 2475 237 2567 quire,
260 2483 296 2546 et
317 2473 523 2570 professioni
544 2473 795 2568 philosophicae
813 2471 969 2545 debitum
987 2473 1119 2567 quietis
1137 2480 1209 2547 stu-

121 2599 229 2685 dium,
243 2605 313 2671 eta
340 2594 503 2671 civilibus
529 2596 628 2670 bellis
649 2599 777 2691 lugam,
799 2595 953 2667 extincta
973 2592 1147 2681 libertate
1169 2618 1209 2669 ac

123 2722 257 2814 sepulta
276 2720 345 2793 iam
375 2730 411 2792 et
441 2721 653 2815 complorata
685 2716 885 2810 Republica.
919 2715 1006 2788 Vide
1039 2727 1077 2787 ut
1110 2718 1210 2791 aliter

123 2850 236 2911 tecum
268 2861 350 2929 ugo,
385 2862 427 2910 ac
453 2850 593 2910 lucum
627 2838 780 2930 Epicuro
811 2837 930 2911 multis
954 2838 990 2907 in
1014 2836 1117 2923 locis,
1146 2840 1210 2913 md

121 2954 327 3053 expressius
365 2955 400 3028 in
436 2957 525 3028 libro
557 2959 602 3030 de
633 2954 778 3029 Finibus
814 2959 957 3049 agebas.
996 2959 1081 3032 llius
1114 2960 1209 3034 euim

124 3081 267 3154 ubilibet
285 3078 392 3153 vitam
414 3076 558 3173 probos,
582 3078 676 3152 rides
697 3078 885 3173 ingenium.
909 3082 984 3175 Ego
1009 3082 1095 3153 nihil
1115 3085 1152 3155 iu
1175 3096 1209 3157 te

123 3204 230 3289 rideo,
252 3203 336 3277 vitae
357 3213 472 3276 umen
492 3202 694 3298 compatior,
719 3214 757 3277 ut
776 3204 867 3288 dixi,
888 3205 1028 3299 ingenio
1048 3208 1209 3298 gratulor

120 3326 315 3420 eloquiove.
336 3327 365 3398 0
386 3325 530 3405 Romani
551 3324 678 3418 eloquii
702 3347 839 3399 summe
859 3349 1004 3420 pareus,
1025 3350 1087 3400 nec
1109 3332 1209 3402 solus

120 3473 202 3542 ege,
226 3452 289 3525 sed
308 3472 430 3522 omues
451 3448 513 3520 tibi
534 3449 667 3542 gratias
687 3451 838 3541 agimus,
859 3451 1073 3545 quicumque
1089 3453 1211 3524 latinae

121 3575 251 3665 linguae
272 3570 417 3645 floribus
437 3593 627 3655 ornamur;
654 3572 723 3645 tuis
748 3573 840 3643 enim
866 3585 965 3668 prata
986 3575 1031 3646 de
1052 3574 1210 3647 lontibus

122 3695 322 3786 irrigamus,
346 3706 405 3767 tuo
424 3694 531 3767 ductu
556 3692 722 3779 directos,
750 3693 819 3767 tuis
847 3696 1022 3790 suffragiis
1048 3697 1208 3782 adiutos,

122 3825 182 3884 tuo
211 3839 277 3887 nos
305 3820 436 3889 lumine
465 3817 656 3889 illustratos
689 3814 840 3910 ingenue
875 3816 1104 3892 confitemur:
1137 3823 1210 3892 tuis

120 3931 284 4025 denique,
318 3947 356 4008 ut
388 3939 434 4011 ita
459 3939 588 4021 dicam,
622 3938 788 4030 auspiciis
818 3938 862 4010 ad
896 3940 1001 4024 banc,
1022 3943 1210 4033 quantula-

121 4072 270 4147 cumque
289 4068 352 4141 est,
377 4060 550 4134 scribendi
570 4062 766 4133 facultatem
789 4083 829 4132 ac
850 4064 1064 4153 propositum
1079 4086 1209 4154 pervo-
