2670 4688
300 281 394 332 crasa
415 278 952 338 vicasruusoutnrus-srtsrota
976 284 995 331 1.
1132 268 1187 330 251

110 423 239 517 quibus
270 424 451 497 eliciebam
484 435 519 495 et
552 447 657 518 supra
689 434 827 496 aetatem
859 425 1075 497 ruminabam
1099 445 1190 517 prae-

111 557 243 618 sentem
261 548 485 644 futurumque
503 547 593 619 illico
610 557 737 619 statum
761 569 886 619 meum.
906 547 1074 618 Notabam
1093 557 1188 620 certa

111 669 180 740 fide
204 688 274 741 uon
293 670 481 742 verborum
505 669 664 762 phaleras
683 671 747 743 sed
764 691 821 741 res
835 672 943 762 ipsas,
962 670 1101 740 miserae
1123 673 1189 742 sci-

111 792 191 863 licet
221 793 305 863 vitae
337 793 441 864 huius
474 793 672 884 angustias
706 792 930 877 brevitatem,
952 793 1186 872 velocitatem,

110 913 381 999 festinationem,
414 917 563 1010 lapsum,
585 938 743 1000 cursum,
770 917 943 998 volatum,
965 915 1188 1006 occultasque

109 1036 277 1122 fallacias,
301 1045 438 1131 tempus
464 1037 697 1131 irreparabile,
717 1025 887 1109 caducum
920 1047 955 1108 et
988 1033 1188 1105 mutabilem
1267 1127 1269 1130 .

110 1158 193 1226 vitae
214 1158 348 1242 florem,
367 1161 458 1232 rosei
478 1162 549 1231 oris
570 1160 704 1231 fluxum
722 1159 1190 1242 decus,i1·redituraeiuven·

111 1277 194 1349 tutis
217 1280 393 1352 ellraenam
430 1284 564 1373 fugam,
597 1292 634 1353 et
665 1283 779 1375 tacitae
811 1279 1011 1372 obrepentis
1044 1278 1189 1349 insidias

111 1401 311 1485 senectutis,
330 1402 374 1473 ad
394 1412 593 1475 extremum
613 1424 722 1495 rugas
742 1414 778 1475 et
797 1401 940 1474 morbos
961 1410 997 1472 et
1015 1400 1190 1471 tristitiam

110 1533 147 1594 et
166 1523 318 1594 laborem
339 1534 376 1596 et
396 1525 574 1598 indomitae
602 1527 724 1597 mortis
751 1524 1004 1596 inclementiam
1028 1523 1190 1615 implaca-

110 1643 283 1739 bilemque
302 1645 477 1718 duritiem.
498 1649 587 1731 Quae
606 1669 684 1720 cum
708 1647 837 1718 scholae
861 1655 966 1738 aurae
989 1644 1058 1715 aevi
1083 1644 1191 1714 comi·

111 1766 204 1839 tibus
223 1769 383 1862 quaedam
401 1752 504 1861 quasi
525 1770 660 1841 somnia
675 1770 898 1853 viderentur,
918 1767 1002 1837 mihi
1015 1766 1080 1839 iam
1096 1778 1188 1849 tunc,

110 1892 225 1961 omnia
258 1893 435 1964 videntem
470 1904 578 1965 testor
611 1894 731 1976 Deum,
757 1902 793 1962 et
817 1913 904 1962 vera
932 1903 968 1963 et
985 1912 1074 1984 pene
1099 1909 1189 1984 prae-

112 2014 223 2085 sentia
255 2014 473 2087 videbantur.
502 2017 546 2090 Et
571 2037 636 2086 seu
662 2015 719 2087 ille
746 2015 816 2087 oris
842 2034 951 2087 verus
978 2013 1098 2095 decor,
1126 2033 1190 2083 seu

109 2157 208 2208 error
236 2148 333 2211 esset
363 2139 479 2211 aetatis
514 2141 639 2234 (ferme
670 2138 762 2210 enim
794 2159 915 2210 omnes
948 2136 1188 2208 adolescentes

111 2259 175 2330 sibi
205 2262 447 2334 formosissimi
481 2261 661 2347 videntur,
696 2262 761 2333 etsi
782 2262 959 2333 deformes
979 2258 1081 2353 sint),
1103 2258 1189 2329 milri

111 2403 179 2453 non
203 2383 301 2454 alteri
329 2382 461 2453 dictum
483 2382 601 2467 rebar,
623 2384 784 2474 quotiens
807 2383 999 2474 pastorium
1022 2381 1106 2453 illud
1132 2383 1187 2450 vel

112 2506 263 2592 legerem
287 2505 343 2573 vel
365 2502 541 2574 audirem:

271 2690 294 2753 Ο
312 2692 447 2755 formose
464 2709 556 2772 puer,
575 2694 706 2755 nimium
723 2710 760 2756 ne
779 2693 867 2756 crede
884 2694 988 2755 colori.

110 2872 188 2942 Scio
208 2892 275 2962 ego
300 2893 356 2943 me
380 2892 503 2942 verum
529 2872 633 2965 loqui.
668 2873 739 2944 Scit
769 2883 805 2944 et
835 2874 892 2944 ille
916 2874 1057 2959 meliuS,
1080 2893 1184 2966 quem

110 3002 233 3063 testem
259 2993 339 3064 feci:
373 3015 444 3087 quo
481 2994 593 3087 magis
626 2994 661 3067 id
682 3004 847 3089 reputans
877 2997 985 3066 miror
1015 3017 1072 3066 me
1097 2997 1187 3066 tales

110 3119 198 3187 inter
222 3138 325 3188 curas
351 3117 562 3189 iuvenilibus
592 3127 707 3190 tamen
739 3119 917 3190 amoribus
945 3128 980 3188 et
1008 3117 1188 3188 erroribus

111 3238 265 3330 potuisse
290 3239 428 3333 raptari.
462 3241 608 3312 Sentio:
638 3243 753 3319 fumus
783 3241 898 3312 rei-um
929 3239 1110 3312 hebetavit
1134 3240 1188 3311 vi-

110 3381 202 3442 sum,
229 3369 265 3429 et
287 3369 374 3457 aetas
397 3360 621 3452 impetuosior
641 3363 813 3456 praevium
835 3363 919 3433 illud
939 3361 1044 3433 animi
1069 3364 1184 3432 lumen

108 3472 290 3560 extinxit.¹
318 3485 385 3555 Sed
407 3485 494 3556 bene
513 3485 630 3571 habet,
656 3486 686 3558 si
709 3490 767 3558 vel
791 3508 885 3558 nunc
911 3486 1032 3559 videre
1057 3485 1187 3578 aliquid

109 3609 257 3704 incipio:
292 3607 512 3680 felicissimus
546 3611 687 3703 quidem
719 3624 775 3684 est
801 3633 907 3703 quem
942 3611 1059 3681 nullus
1088 3630 1186 3680 error

203 3873 209 3901 ¹
227 3872 334 3922 Primam
350 3872 415 3922 banc
432 3869 489 3921 libri
501 3869 724 3934 illitteptstotam
734 3885 799 3922 unus
809 3871 887 3921 edidit
896 3869 1026 3933 Crispinus
1039 3870 1183 3937 (luyduni,

110 3952 180 4012 idol,
192 3969 218 4018 p.
228 3953 297 4017 469),
307 3953 352 4004 sed
363 3951 431 4002 illam
444 3951 542 4001 verbis:
556 3950 641 4001 lumea
652 3952 797 4012 extinxerit,
811 3953 944 4002 subiuncta
956 3953 1024 4012 Vale,
1035 3955 1183 4006 terminarit.

108 4033 195 4084 Omnia
211 4049 266 4098 quaa
280 4042 420 4100 sequuntur
435 4033 520 4099 ibique
534 4034 634 4097 penitus
649 4033 840 4096 desiderantur,
858 4048 888 4085 ex
906 4035 992 4087 codice
1009 4036 1184 4088 Passioneiano

109 4114 250 4166 bibliotecae
263 4115 369 4168 Urbane
382 4116 507 4181 angelice
520 4115 556 4180 (V.
575 4117 596 4166 t.
612 4115 651 4177 lt)
663 4114 770 4169 fideliter
781 4116 961 4180 decerminus.
