2670 4688
252 268 346 317 1111011
367 266 869 328 vicasruusumuus.-nmsrona
891 267 954 314 1111.
1103 257 1141 318 73

73 406 190 477 deret:
216 404 419 498 adiuvitque
444 407 581 475 fortuna
606 405 784 486 virtutem,
814 415 850 473 ut
882 425 949 473 non
976 405 1072 496 prius
1098 409 1143 480 ad

73 528 227 600 ordinem
247 549 358 598 comae
378 549 471 623 pars,
500 549 604 620 quam
627 537 696 597 tota
721 525 845 595 civitas
865 526 909 600 ad
936 525 1164 620 obsequium

76 665 255 723 remearet.
282 652 389 723 Cuius
410 649 488 722 lacti
509 648 607 720 testis
629 658 743 719 statua
762 648 884 719 eodem
905 648 962 720 1110
982 652 1145 723 100110011-

77 774 120 844 tis
157 777 287 866 reginae
312 773 432 844 habitu
453 773 570 843 multis
595 771 734 842 saeculis
755 771 787 840 in
814 791 856 842 ea
878 770 963 843 urbe
988 795 1148 865 perman-

76 898 130 967 sit.
152 898 231 968 Fuit
250 896 343 989 apud
368 895 515 989 Scythas
538 893 708 964 Thonniris
731 894 944 964 tantianimi
967 897 1084 985 regina
1111 907 1147 966 ut

75 1020 296 1091 formidatum
315 1019 410 1088 illum
425 1021 667 1108 famosumque
683 1037 802 1106 regem
815 1015 910 1086 Asiae
922 1017 1048 1111 Cyrum
1069 1026 1148 1089 eum

75 1142 232 1218 ducentis
260 1141 411 1212 midibus
430 1140 613 1210 Persarum
637 1160 706 1210 uno
726 1137 846 1232 praelio
869 1140 1069 1226 trucidaret,
1096 1142 1149 1212 in·-

76 1288 145 1357 que
166 1263 224 1335 lilii
252 1265 438 1336 vindictam
458 1275 494 1335 et
518 1265 673 1334 solamen
695 1263 764 1345 sui,
792 1265 1057 1367 tantasteneris
1077 1288 1150 1337 ma·

76 1387 179 1458 uibus
204 1387 303 1459 daret
322 1387 476 1470 1111011οε,
501 1387 612 1479 capite
633 1385 774 1479 insuper
800 1385 893 1477 regis
916 1397 1035 1458 trunco
1054 1399 1090 1460 et
1114 1388 1149 1457 in

76 1513 217 1605 plenum
242 1511 376 1582 cruoris
402 1521 515 1580 utrem
540 1528 669 1592 merso,
696 1508 905 1600 exprobrata
931 1509 1147 1594 erudelitate,

76 1633 171 1726 quod
191 1634 332 1705 humani
354 1633 534 1724 sanguinis
561 1631 682 1703 sitiens
703 1642 807 1722 atque
833 1631 1039 1703 insatiabilis
1059 1635 1149 1705 exti-

79 1756 187 1828 tisset.
222 1757 394 1847 Regnavit
425 1753 517 1849 apud
548 1754 731 1850 AEgyptios
765 1754 966 1846 Cleopatra:
1000 1755 1150 1826 Zenobia

78 1882 172 1973 apud
193 1883 328 1962 Persae,
347 1902 428 1971 quae
450 1902 488 1949 se
509 1879 662 1970 reginam
684 1878 817 1949 diceret
832 1876 1006 1950 Orientis:
1027 1878 1152 1948 mulier

79 2002 218 2076 fiduciae
239 2002 390 2095 ingentis
416 2002 690 2093 clarissimaeque
711 2000 873 2074 virtutis:
900 2000 990 2071 inter
1008 2013 1151 2085 caetera,
1251 2070 1255 2078 ,

78 2126 172 2218 quod
193 2128 383 2219 Cleopatrae
400 2123 521 2208 defuit,
539 2124 708 2197 eastitatis
728 2123 878 2207 eximiae,
896 2124 996 2195 cuius
1014 2124 1151 2223 laudem

78 2252 200 2322 formae
212 2250 336 2322 raritas
353 2247 564 2340 geminabat.
582 2250 712 2319 Harum
730 2258 876 2340 utraque
889 2249 1081 2319 Romanum
1100 2247 1153 2317 in-

82 2373 172 2445 vasit
191 2369 373 2462 imperium
394 2379 489 2441 tantu
514 2371 593 2440 nisu
616 2381 653 2439 ut
672 2369 766 2462 prior
790 2369 972 2459 ancipitem
994 2369 1154 2461 Augusto

79 2492 260 2565 victoriam
282 2492 430 2559 laceret:
452 2491 641 2560 secundam
663 2511 748 2560 uero
768 2489 974 2561 Aurelianus
994 2492 1154 2583 princeps

83 2627 119 2684 et
139 2621 350 2703 pugnantem
376 2619 531 2680 metuere
555 2610 715 2680 videatur
733 2622 769 2679 et
792 2611 956 2680 domitam
978 2611 1155 2700 glorietur.

85 2734 135 2806 Ae
161 2755 204 2805 ne
227 2744 334 2804 totum
361 2731 426 2802 eibi
447 2731 602 2804 vindicet
626 2743 805 2816 vetustas,
837 2732 929 2828 apud
955 2754 1020 2805 nos
1045 2754 1156 2826 nuper

83 2881 151 2948 non
172 2858 336 2948 exiguam
358 2856 545 2929 Mathildes
562 2856 738 2929 comitissa
758 2867 889 2950 partem
912 2858 1018 2929 ltaliae
1035 2879 1157 2950 posse-

82 2980 145 3064 dit,
173 2990 209 3051 et
233 2980 307 3073 ipsa
327 2979 471 3050 Romani
496 2978 632 3074 imperii
653 3002 719 3050 non
741 2980 830 3050 levis
855 2983 993 3064 aemula,
1020 2990 1056 3050 et
1074 2999 1155 3072 quae

82 3103 177 3176 virili
193 3105 308 3175 animo
323 3101 413 3174 bella
432 3114 605 3187 tractaret,
620 3103 807 3196 imperiosa
823 3104 967 3188 11101100,
983 3104 1017 3174 111
1036 3102 1156 3172 hostes

83 3225 262 3307 acerrima,
289 3223 531 3296 liberalissima
556 3225 591 3295 in
617 3223 758 3297 amicos:
795 3228 1099 3320 cuius‘prolusam
1123 3230 1159 3290 et

84 3350 271 3441 plusquam
296 3345 491 3416 foemineam
513 3347 706 3438 largitatem
721 3348 875 3419 Romana
895 3348 930 3417 in
951 3345 1072 3439 primis
1092 3344 1158 3411 Ec-

85 3470 190 3542 clesia
205 3475 361 3540 testatur.
376 3466 507 3538 llinora
521 3470 579 3540 illa
591 3471 733 3541 lorsitan
749 3472 871 3554 relatu,
887 3491 973 3539 vera
987 3464 1089 3535 laude
1103 3466 1158 3532 vel

85 3595 180 3689 paria
201 3594 257 3662 vel
278 3591 420 3673 maiora,
443 3592 602 3664 miseram
625 3605 768 3664 matrem
791 3593 825 3663 in
845 3609 985 3662 carcere
1006 3585 1159 3654 destina-

88 3728 155 3790 10111
190 3717 308 3788 ultimo
339 3713 505 3808 supplicio
530 3716 591 3785 sed
616 3715 915 3801 commiseratione
943 3714 1159 3778 reservatam

86 3860 125 3912 ut
141 3845 229 3912 lame
245 3850 516 3931 consumeretur,
535 3847 679 3906 exorato
696 3837 840 3909 custode
857 3833 988 3922 saepius
1008 3827 1160 3899 admissa

87 3961 156 4034 filia
174 3964 239 4035 sed
257 3986 408 4035 excussa
427 3960 627 4052 diligentius
647 3960 777 4053 nequid
794 3958 969 4030 alimoniae
991 3952 1162 4024 subinter-

88 4097 140 4157 ret
159 4090 245 4160 elam
265 4086 430 4159 uberibus
448 4084 522 4157 suis
539 4083 645 4178 pavit.
664 4085 779 4157 Altera
799 4094 917 4154 autem
935 4076 1025 4170 patri
1041 4073 1163 4145 eodem
