<?xml version="1.0" encoding="UTF-8"?>
<!DOCTYPE html PUBLIC "-//W3C//DTD XHTML 1.0 Transitional//EN"
    "http://www.w3.org/TR/xhtml1/DTD/xhtml1-transitional.dtd">
<html xmlns="http://www.w3.org/1999/xhtml" xml:lang="en" lang="en">
 <head>
  <title>
</title>
<meta http-equiv="Content-Type" content="text/html;charset=utf-8" />
  <meta name='ocr-system' content='tesseract 3.04.00' />
  <meta name='ocr-capabilities' content='ocr_page ocr_carea ocr_par ocr_line ocrx_word'/>
</head>
<body>
  <div class='ocr_page' id='page_1' title='image "./epistolaederebu01fracgoog_0409.png"; bbox 0 0 2834 5086; ppageno 0'>
   <div class='ocr_carea' id='block_1_1' title="bbox 167 598 789 659">
    <p class='ocr_par' dir='ltr' id='par_1_1' title="bbox 167 598 789 659">
     <span class='ocr_line' id='line_1_1' title="bbox 167 598 789 659; baseline -0.01 0"><span class='ocrx_word' id='word_1_1' title='bbox 167 598 226 659; x_wconf 77' lang='lat' dir='ltr'>ttrtt</span> <span class='ocrx_word' id='word_1_2' title='bbox 630 606 789 657; x_wconf 79' lang='lat' dir='ltr'>rsnrrntn</span> 
     </span>
    </p>
   </div>
   <div class='ocr_carea' id='block_1_2' title="bbox 167 754 1275 1078">
    <p class='ocr_par' dir='ltr' id='par_1_2' title="bbox 167 754 1275 1078">
     <span class='ocr_line' id='line_1_2' title="bbox 169 754 1272 853; baseline -0.002 -24"><span class='ocrx_word' id='word_1_3' title='bbox 169 760 235 853; x_wconf 85' lang='lat' dir='ltr'>pati</span> <span class='ocrx_word' id='word_1_4' title='bbox 259 760 372 843; x_wconf 84' lang='lat' dir='ltr'>lande,</span> <span class='ocrx_word' id='word_1_5' title='bbox 392 768 428 832; x_wconf 91' lang='lat' dir='ltr'>et</span> <span class='ocrx_word' id='word_1_6' title='bbox 447 758 598 845; x_wconf 88' lang='lat' dir='ltr'>honore,</span> <span class='ocrx_word' id='word_1_7' title='bbox 621 760 687 830; x_wconf 92' lang='lat' dir='ltr'>nisi</span> <span class='ocrx_word' id='word_1_8' title='bbox 708 760 819 843; x_wconf 78' lang='lat' dir='ltr'>failor,</span> <span class='ocrx_word' id='word_1_9' title='bbox 844 769 880 829; x_wconf 91' lang='lat' dir='ltr'>et</span> <span class='ocrx_word' id='word_1_10' title='bbox 900 757 1012 851; x_wconf 81' lang='lat' dir='ltr'>gratia</span> <span class='ocrx_word' id='word_1_11' title='bbox 1036 754 1177 847; x_wconf 76' lang='lat' dir='ltr'>dignus</span> <span class='ocrx_word' id='word_1_12' title='bbox 1206 758 1272 829; x_wconf 86' lang='lat' dir='ltr'>sit.</span> 
     </span>
     <span class='ocr_line' id='line_1_3' title="bbox 167 877 1275 967; baseline -0.003 -13"><span class='ocrx_word' id='word_1_13' title='bbox 167 882 282 967; x_wconf 81' lang='lat' dir='ltr'>Quod,</span> <span class='ocrx_word' id='word_1_14' title='bbox 304 884 370 955; x_wconf 90' lang='lat' dir='ltr'>etsi</span> <span class='ocrx_word' id='word_1_15' title='bbox 389 906 444 955; x_wconf 89' lang='lat' dir='ltr'>me</span> <span class='ocrx_word' id='word_1_16' title='bbox 467 895 601 955; x_wconf 86' lang='lat' dir='ltr'>tacente</span> <span class='ocrx_word' id='word_1_17' title='bbox 623 882 778 966; x_wconf 86' lang='lat' dir='ltr'>noveris,</span> <span class='ocrx_word' id='word_1_18' title='bbox 801 895 917 953; x_wconf 87' lang='lat' dir='ltr'>tamen</span> <span class='ocrx_word' id='word_1_19' title='bbox 943 877 1077 951; x_wconf 89' lang='lat' dir='ltr'>credidi</span> <span class='ocrx_word' id='word_1_20' title='bbox 1105 898 1182 949; x_wconf 87' lang='lat' dir='ltr'>nnn</span> <span class='ocrx_word' id='word_1_21' title='bbox 1213 888 1275 951; x_wconf 82' lang='lat' dir='ltr'>ta·</span> 
     </span>
     <span class='ocr_line' id='line_1_4' title="bbox 169 1005 329 1078; baseline -0.006 -1"><span class='ocrx_word' id='word_1_22' title='bbox 169 1005 329 1078; x_wconf 79' lang='lat' dir='ltr'>cendum.</span> 
     </span>
    </p>
   </div>
   <div class='ocr_carea' id='block_1_3' title="bbox 579 1343 848 1409">
    <p class='ocr_par' dir='ltr' id='par_1_3' title="bbox 579 1343 848 1409">
     <span class='ocr_line' id='line_1_5' title="bbox 579 1343 848 1409; baseline -0.011 0"><span class='ocrx_word' id='word_1_23' title='bbox 579 1343 757 1409; x_wconf 76' lang='lat' dir='ltr'>Errsrotn</span> <span class='ocrx_word' id='word_1_24' title='bbox 779 1344 848 1407; x_wconf 75' lang='grc' dir='ltr'>ΧΗ.</span> 
     </span>
    </p>
   </div>
   <div class='ocr_carea' id='block_1_4' title="bbox 193 1494 1242 1648">
    <p class='ocr_par' dir='ltr' id='par_1_4' title="bbox 193 1494 1242 1648">
     <span class='ocr_line' id='line_1_6' title="bbox 193 1494 1242 1555; baseline -0.008 -2"><span class='ocrx_word' id='word_1_25' title='bbox 193 1503 387 1555; x_wconf 67' lang='lat' dir='ltr'>enasctsoes</span> <span class='ocrx_word' id='word_1_26' title='bbox 408 1501 579 1553; x_wconf 73' lang='lat' dir='ltr'>Pnrnnnca</span> <span class='ocrx_word' id='word_1_27' title='bbox 599 1501 746 1550; x_wconf 72' lang='lat' dir='ltr'>PHILIPPO</span> <span class='ocrx_word' id='word_1_28' title='bbox 768 1500 862 1549; x_wconf 70' lang='lat' dir='ltr'><strong>CARI).</strong></span> <span class='ocrx_word' id='word_1_29' title='bbox 884 1495 1038 1548; x_wconf 66' lang='lat' dir='ltr'>briscono</span> <span class='ocrx_word' id='word_1_30' title='bbox 1059 1494 1242 1545; x_wconf 66' lang='lat' dir='ltr'>SABINHS!</span> 
     </span>
     <span class='ocr_line' id='line_1_7' title="bbox 641 1598 771 1648; baseline -0.008 -2"><span class='ocrx_word' id='word_1_31' title='bbox 641 1598 667 1646; x_wconf 90' lang='lat' dir='ltr'>S.</span> <span class='ocrx_word' id='word_1_32' title='bbox 690 1600 718 1647; x_wconf 91' lang='lat' dir='ltr'>P.</span> <span class='ocrx_word' id='word_1_33' title='bbox 740 1599 771 1648; x_wconf 79' lang='grc' dir='ltr'>Ι).</span> 
     </span>
    </p>
   </div>
   <div class='ocr_carea' id='block_1_5' title="bbox 430 1744 986 1803">
    <p class='ocr_par' dir='ltr' id='par_1_5' title="bbox 430 1744 986 1803">
     <span class='ocr_line' id='line_1_8' title="bbox 430 1744 986 1803; baseline -0.007 -1"><span class='ocrx_word' id='word_1_34' title='bbox 430 1746 611 1803; x_wconf 78' lang='lat' dir='ltr'>Commendat</span> <span class='ocrx_word' id='word_1_35' title='bbox 624 1746 651 1801; x_wconf 89' lang='lat' dir='ltr'>ei</span> <span class='ocrx_word' id='word_1_36' title='bbox 665 1744 816 1800; x_wconf 84' lang='lat' dir='ltr'>Iohannem</span> <span class='ocrx_word' id='word_1_37' title='bbox 831 1745 986 1799; x_wconf 79' lang='lat' dir='ltr'>Aretinnm.</span> 
     </span>
    </p>
   </div>
   <div class='ocr_carea' id='block_1_6' title="bbox 169 1972 1264 2197">
    <p class='ocr_par' dir='ltr' id='par_1_6' title="bbox 169 1972 1264 2197">
     <span class='ocr_line' id='line_1_9' title="bbox 269 1972 1264 2071; baseline -0.005 -18"><span class='ocrx_word' id='word_1_38' title='bbox 269 1984 344 2053; x_wconf 78' lang='lat' dir='ltr'>Non</span> <span class='ocrx_word' id='word_1_39' title='bbox 378 2002 457 2051; x_wconf 90' lang='lat' dir='ltr'>snm</span> <span class='ocrx_word' id='word_1_40' title='bbox 491 1978 633 2064; x_wconf 89' lang='lat' dir='ltr'>obiitus,</span> <span class='ocrx_word' id='word_1_41' title='bbox 670 1978 964 2052; x_wconf 81' lang='lat' dir='ltr'>reverendissime</span> <span class='ocrx_word' id='word_1_42' title='bbox 990 1985 1090 2071; x_wconf 88' lang='lat' dir='ltr'>pater</span> <span class='ocrx_word' id='word_1_43' title='bbox 1124 1984 1164 2045; x_wconf 85' lang='lat' dir='ltr'>et</span> <span class='ocrx_word' id='word_1_44' title='bbox 1190 1972 1264 2049; x_wconf 85' lang='lat' dir='ltr'>do·</span> 
     </span>
     <span class='ocr_line' id='line_1_10' title="bbox 169 2098 1262 2197; baseline -0.002 -26"><span class='ocrx_word' id='word_1_45' title='bbox 169 2103 259 2174; x_wconf 90' lang='lat' dir='ltr'>mine</span> <span class='ocrx_word' id='word_1_46' title='bbox 277 2104 338 2187; x_wconf 92' lang='lat' dir='ltr'>mi,</span> <span class='ocrx_word' id='word_1_47' title='bbox 352 2102 435 2173; x_wconf 87' lang='lat' dir='ltr'>dum</span> <span class='ocrx_word' id='word_1_48' title='bbox 455 2103 646 2174; x_wconf 88' lang='lat' dir='ltr'>novissime</span> <span class='ocrx_word' id='word_1_49' title='bbox 664 2123 728 2197; x_wconf 88' lang='lat' dir='ltr'>pro</span> <span class='ocrx_word' id='word_1_50' title='bbox 745 2101 885 2174; x_wconf 88' lang='lat' dir='ltr'>duobus</span> <span class='ocrx_word' id='word_1_51' title='bbox 906 2098 1101 2193; x_wconf 73' lang='lat' dir='ltr'>paternitati</span> <span class='ocrx_word' id='word_1_52' title='bbox 1118 2108 1262 2169; x_wconf 72' lang='lat' dir='ltr'>vestre</span> 
     </span>
    </p>
   </div>
   <div class='ocr_carea' id='block_1_7' title="bbox 168 2216 1262 2559">
    <p class='ocr_par' dir='ltr' id='par_1_7' title="bbox 168 2216 1262 2559">
     <span class='ocr_line' id='line_1_11' title="bbox 168 2216 1262 2319; baseline -0.005 -23"><span class='ocrx_word' id='word_1_53' title='bbox 168 2226 373 2311; x_wconf 84' lang='lat' dir='ltr'>scriberem,</span> <span class='ocrx_word' id='word_1_54' title='bbox 395 2227 488 2319; x_wconf 88' lang='lat' dir='ltr'>quod</span> <span class='ocrx_word' id='word_1_55' title='bbox 511 2227 693 2299; x_wconf 79' lang='lat' dir='ltr'>vobiscum</span> <span class='ocrx_word' id='word_1_56' title='bbox 716 2224 848 2318; x_wconf 82' lang='lat' dir='ltr'>pepigi,</span> <span class='ocrx_word' id='word_1_57' title='bbox 871 2233 910 2294; x_wconf 91' lang='lat' dir='ltr'>ut</span> <span class='ocrx_word' id='word_1_58' title='bbox 929 2244 994 2294; x_wconf 91' lang='lat' dir='ltr'>vos</span> <span class='ocrx_word' id='word_1_59' title='bbox 1019 2219 1063 2292; x_wconf 88' lang='lat' dir='ltr'>de</span> <span class='ocrx_word' id='word_1_60' title='bbox 1090 2216 1262 2314; x_wconf 82' lang='lat' dir='ltr'>pluribus</span> 
     </span>
     <span class='ocr_line' id='line_1_12' title="bbox 168 2338 1261 2439; baseline -0.005 -24"><span class='ocrx_word' id='word_1_61' title='bbox 168 2368 235 2417; x_wconf 91' lang='lat' dir='ltr'>non</span> <span class='ocrx_word' id='word_1_62' title='bbox 250 2369 453 2439; x_wconf 65' lang='lat' dir='ltr'>gravarem</span> <span class='ocrx_word' id='word_1_63' title='bbox 466 2361 501 2418; x_wconf 81' lang='lat' dir='ltr'>et·</span> <span class='ocrx_word' id='word_1_64' title='bbox 519 2370 624 2427; x_wconf 88' lang='lat' dir='ltr'>nunc,</span> <span class='ocrx_word' id='word_1_65' title='bbox 638 2346 777 2417; x_wconf 88' lang='lat' dir='ltr'>domine</span> <span class='ocrx_word' id='word_1_66' title='bbox 794 2344 849 2425; x_wconf 91' lang='lat' dir='ltr'>mi,</span> <span class='ocrx_word' id='word_1_67' title='bbox 868 2342 1031 2435; x_wconf 88' lang='lat' dir='ltr'>quamvis</span> <span class='ocrx_word' id='word_1_68' title='bbox 1048 2360 1108 2410; x_wconf 88' lang='lat' dir='ltr'>ser</span> <span class='ocrx_word' id='word_1_69' title='bbox 1124 2338 1261 2409; x_wconf 85' lang='lat' dir='ltr'>lohan-</span> 
     </span>
     <span class='ocr_line' id='line_1_13' title="bbox 169 2460 1258 2559; baseline -0.006 -22"><span class='ocrx_word' id='word_1_70' title='bbox 169 2490 230 2537; x_wconf 88' lang='lat' dir='ltr'>nes</span> <span class='ocrx_word' id='word_1_71' title='bbox 251 2468 296 2537; x_wconf 87' lang='lat' dir='ltr'>de</span> <span class='ocrx_word' id='word_1_72' title='bbox 313 2469 453 2537; x_wconf 82' lang='lat' dir='ltr'>Areetio</span> <span class='ocrx_word' id='word_1_73' title='bbox 477 2468 704 2559; x_wconf 67' lang='lat' dir='ltr'>praesentium</span> <span class='ocrx_word' id='word_1_74' title='bbox 731 2466 820 2535; x_wconf 87' lang='lat' dir='ltr'>lator</span> <span class='ocrx_word' id='word_1_75' title='bbox 846 2464 891 2535; x_wconf 91' lang='lat' dir='ltr'>sit</span> <span class='ocrx_word' id='word_1_76' title='bbox 921 2464 1002 2534; x_wconf 89' lang='lat' dir='ltr'>mibi</span> <span class='ocrx_word' id='word_1_77' title='bbox 1029 2460 1258 2545; x_wconf 71' lang='lat' dir='ltr'>carissimuS,</span> 
     </span>
    </p>
   </div>
   <div class='ocr_carea' id='block_1_8' title="bbox 163 2584 1259 4513">
    <p class='ocr_par' dir='ltr' id='par_1_8' title="bbox 163 2584 1259 4513">
     <span class='ocr_line' id='line_1_14' title="bbox 168 2584 1258 2678; baseline -0.001 -22"><span class='ocrx_word' id='word_1_78' title='bbox 168 2598 203 2658; x_wconf 87' lang='lat' dir='ltr'>et</span> <span class='ocrx_word' id='word_1_79' title='bbox 230 2608 304 2658; x_wconf 86' lang='lat' dir='ltr'>suae</span> <span class='ocrx_word' id='word_1_80' title='bbox 336 2586 476 2658; x_wconf 81' lang='lat' dir='ltr'>virtutis</span> <span class='ocrx_word' id='word_1_81' title='bbox 502 2586 627 2657; x_wconf 90' lang='lat' dir='ltr'>intuitu</span> <span class='ocrx_word' id='word_1_82' title='bbox 660 2597 696 2656; x_wconf 90' lang='lat' dir='ltr'>et</span> <span class='ocrx_word' id='word_1_83' title='bbox 725 2596 887 2678; x_wconf 82' lang='lat' dir='ltr'>respectu</span> <span class='ocrx_word' id='word_1_84' title='bbox 922 2584 1067 2677; x_wconf 82' lang='lat' dir='ltr'>originis</span> <span class='ocrx_word' id='word_1_85' title='bbox 1095 2604 1180 2676; x_wconf 80' lang='lat' dir='ltr'>qnae</span> <span class='ocrx_word' id='word_1_86' title='bbox 1206 2584 1258 2655; x_wconf 87' lang='lat' dir='ltr'>iiii</span> 
     </span>
     <span class='ocr_line' id='line_1_15' title="bbox 167 2707 1259 2801; baseline 0 -22"><span class='ocrx_word' id='word_1_87' title='bbox 167 2710 362 2781; x_wconf 90' lang='lat' dir='ltr'>communis</span> <span class='ocrx_word' id='word_1_88' title='bbox 394 2720 449 2780; x_wconf 87' lang='lat' dir='ltr'>est</span> <span class='ocrx_word' id='word_1_89' title='bbox 486 2730 644 2794; x_wconf 90' lang='lat' dir='ltr'>mecum,</span> <span class='ocrx_word' id='word_1_90' title='bbox 683 2719 825 2801; x_wconf 89' lang='lat' dir='ltr'>propter</span> <span class='ocrx_word' id='word_1_91' title='bbox 859 2728 981 2779; x_wconf 91' lang='lat' dir='ltr'>onmes</span> <span class='ocrx_word' id='word_1_92' title='bbox 1019 2707 1259 2779; x_wconf 86' lang='lat' dir='ltr'>communiter</span> 
     </span>
     <span class='ocr_line' id='line_1_16' title="bbox 167 2826 1256 2924; baseline 0.001 -23"><span class='ocrx_word' id='word_1_93' title='bbox 167 2832 264 2903; x_wconf 83' lang='lat' dir='ltr'>cives</span> <span class='ocrx_word' id='word_1_94' title='bbox 297 2832 394 2903; x_wconf 91' lang='lat' dir='ltr'>urbis</span> <span class='ocrx_word' id='word_1_95' title='bbox 427 2833 519 2903; x_wconf 88' lang='lat' dir='ltr'>iliius</span> <span class='ocrx_word' id='word_1_96' title='bbox 545 2853 634 2924; x_wconf 91' lang='lat' dir='ltr'>quos</span> <span class='ocrx_word' id='word_1_97' title='bbox 660 2832 763 2903; x_wconf 80' lang='lat' dir='ltr'>vaide</span> <span class='ocrx_word' id='word_1_98' title='bbox 790 2830 909 2922; x_wconf 82' lang='lat' dir='ltr'>diligo,</span> <span class='ocrx_word' id='word_1_99' title='bbox 941 2850 1097 2900; x_wconf 90' lang='lat' dir='ltr'>meorum</span> <span class='ocrx_word' id='word_1_100' title='bbox 1118 2826 1256 2901; x_wconf 85' lang='lat' dir='ltr'>civium</span> 
     </span>
     <span class='ocr_line' id='line_1_17' title="bbox 166 2955 1254 3048; baseline -0.002 -23"><span class='ocrx_word' id='word_1_101' title='bbox 166 2957 277 3047; x_wconf 82' lang='lat' dir='ltr'>gratia</span> <span class='ocrx_word' id='word_1_102' title='bbox 311 2955 369 3048; x_wconf 91' lang='lat' dir='ltr'>qui</span> <span class='ocrx_word' id='word_1_103' title='bbox 405 2977 461 3026; x_wconf 88' lang='lat' dir='ltr'>me</span> <span class='ocrx_word' id='word_1_104' title='bbox 499 2964 684 3048; x_wconf 86' lang='lat' dir='ltr'>antequam</span> <span class='ocrx_word' id='word_1_105' title='bbox 718 2976 883 3026; x_wconf 87' lang='lat' dir='ltr'>nascerer</span> <span class='ocrx_word' id='word_1_106' title='bbox 915 2961 1144 3047; x_wconf 80' lang='lat' dir='ltr'>exceperunt,</span> <span class='ocrx_word' id='word_1_107' title='bbox 1179 2972 1254 3023; x_wconf 91' lang='lat' dir='ltr'>non</span> 
     </span>
     <span class='ocr_line' id='line_1_18' title="bbox 167 3070 1254 3171; baseline 0.002 -28"><span class='ocrx_word' id='word_1_108' title='bbox 167 3086 280 3147; x_wconf 90' lang='lat' dir='ltr'>tamen</span> <span class='ocrx_word' id='word_1_109' title='bbox 302 3076 466 3147; x_wconf 86' lang='lat' dir='ltr'>auderem</span> <span class='ocrx_word' id='word_1_110' title='bbox 490 3099 552 3169; x_wconf 89' lang='lat' dir='ltr'>pro</span> <span class='ocrx_word' id='word_1_111' title='bbox 571 3077 647 3171; x_wconf 84' lang='lat' dir='ltr'>ipso</span> <span class='ocrx_word' id='word_1_112' title='bbox 668 3075 768 3146; x_wconf 90' lang='lat' dir='ltr'>vobis</span> <span class='ocrx_word' id='word_1_113' title='bbox 792 3072 956 3158; x_wconf 88' lang='lat' dir='ltr'>scribere,</span> <span class='ocrx_word' id='word_1_114' title='bbox 981 3096 1023 3145; x_wconf 88' lang='lat' dir='ltr'>ne</span> <span class='ocrx_word' id='word_1_115' title='bbox 1041 3070 1254 3167; x_wconf 77' lang='lat' dir='ltr'>ioediiragns</span> 
     </span>
     <span class='ocr_line' id='line_1_19' title="bbox 166 3196 1252 3292; baseline 0.002 -24"><span class='ocrx_word' id='word_1_116' title='bbox 166 3198 232 3268; x_wconf 85' lang='lat' dir='ltr'>dici</span> <span class='ocrx_word' id='word_1_117' title='bbox 255 3219 411 3292; x_wconf 90' lang='lat' dir='ltr'>possem,</span> <span class='ocrx_word' id='word_1_118' title='bbox 431 3199 496 3269; x_wconf 92' lang='lat' dir='ltr'>nisi</span> <span class='ocrx_word' id='word_1_119' title='bbox 519 3200 562 3270; x_wconf 87' lang='lat' dir='ltr'>ad</span> <span class='ocrx_word' id='word_1_120' title='bbox 585 3198 806 3271; x_wconf 89' lang='lat' dir='ltr'>scribendum</span> <span class='ocrx_word' id='word_1_121' title='bbox 826 3220 970 3269; x_wconf 88' lang='lat' dir='ltr'>menon</span> <span class='ocrx_word' id='word_1_122' title='bbox 993 3196 1109 3267; x_wconf 90' lang='lat' dir='ltr'>minus</span> <span class='ocrx_word' id='word_1_123' title='bbox 1135 3198 1252 3269; x_wconf 87' lang='lat' dir='ltr'>vestri</span> 
     </span>
     <span class='ocr_line' id='line_1_20' title="bbox 165 3314 1253 3413; baseline 0.006 -24"><span class='ocrx_word' id='word_1_124' title='bbox 165 3341 268 3412; x_wconf 78' lang='lat' dir='ltr'>(pram</span> <span class='ocrx_word' id='word_1_125' title='bbox 296 3320 405 3412; x_wconf 91' lang='lat' dir='ltr'>ipsius</span> <span class='ocrx_word' id='word_1_126' title='bbox 432 3314 832 3412; x_wconf 78' lang='lat' dir='ltr'>respectus&#39;indnceret.</span> <span class='ocrx_word' id='word_1_127' title='bbox 861 3320 939 3413; x_wconf 87' lang='lat' dir='ltr'>ipse</span> <span class='ocrx_word' id='word_1_128' title='bbox 965 3321 1069 3401; x_wconf 89' lang='lat' dir='ltr'>enim,</span> <span class='ocrx_word' id='word_1_129' title='bbox 1095 3318 1164 3389; x_wconf 91' lang='lat' dir='ltr'>nisi</span> <span class='ocrx_word' id='word_1_130' title='bbox 1192 3342 1253 3395; x_wconf 84' lang='lat' dir='ltr'>me</span> 
     </span>
     <span class='ocr_line' id='line_1_21' title="bbox 165 3440 1253 3533; baseline 0.004 -22"><span class='ocrx_word' id='word_1_131' title='bbox 165 3463 263 3512; x_wconf 91' lang='lat' dir='ltr'>amor</span> <span class='ocrx_word' id='word_1_132' title='bbox 289 3442 382 3523; x_wconf 85' lang='lat' dir='ltr'>saliit,</span> <span class='ocrx_word' id='word_1_133' title='bbox 410 3443 547 3513; x_wconf 79' lang='lat' dir='ltr'>iuvenis</span> <span class='ocrx_word' id='word_1_134' title='bbox 572 3441 686 3514; x_wconf 90' lang='lat' dir='ltr'>bonus</span> <span class='ocrx_word' id='word_1_135' title='bbox 712 3454 780 3524; x_wconf 86' lang='lat' dir='ltr'>est,</span> <span class='ocrx_word' id='word_1_136' title='bbox 807 3453 843 3513; x_wconf 90' lang='lat' dir='ltr'>et</span> <span class='ocrx_word' id='word_1_137' title='bbox 871 3440 985 3513; x_wconf 90' lang='lat' dir='ltr'>bonus</span> <span class='ocrx_word' id='word_1_138' title='bbox 1019 3440 1185 3533; x_wconf 85' lang='lat' dir='ltr'>scriptor,</span> <span class='ocrx_word' id='word_1_139' title='bbox 1214 3454 1253 3517; x_wconf 87' lang='lat' dir='ltr'>et</span> 
     </span>
     <span class='ocr_line' id='line_1_22' title="bbox 165 3562 1254 3658; baseline 0.006 -25"><span class='ocrx_word' id='word_1_140' title='bbox 165 3562 313 3634; x_wconf 84' lang='lat' dir='ltr'>dictator</span> <span class='ocrx_word' id='word_1_141' title='bbox 332 3586 402 3635; x_wconf 91' lang='lat' dir='ltr'>non</span> <span class='ocrx_word' id='word_1_142' title='bbox 423 3564 535 3635; x_wconf 87' lang='lat' dir='ltr'>solum</span> <span class='ocrx_word' id='word_1_143' title='bbox 557 3562 688 3647; x_wconf 88' lang='lat' dir='ltr'>bonus,</span> <span class='ocrx_word' id='word_1_144' title='bbox 712 3566 775 3637; x_wconf 86' lang='lat' dir='ltr'>sed</span> <span class='ocrx_word' id='word_1_145' title='bbox 800 3586 906 3658; x_wconf 84' lang='lat' dir='ltr'>super</span> <span class='ocrx_word' id='word_1_146' title='bbox 927 3584 1146 3635; x_wconf 87' lang='lat' dir='ltr'>communem</span> <span class='ocrx_word' id='word_1_147' title='bbox 1173 3588 1254 3639; x_wconf 89' lang='lat' dir='ltr'>mo·</span> 
     </span>
     <span class='ocr_line' id='line_1_23' title="bbox 165 3684 1253 3781; baseline 0.007 -26"><span class='ocrx_word' id='word_1_148' title='bbox 165 3685 261 3771; x_wconf 88' lang='lat' dir='ltr'>dnm,</span> <span class='ocrx_word' id='word_1_149' title='bbox 277 3685 400 3777; x_wconf 86' lang='lat' dir='ltr'>siquid</span> <span class='ocrx_word' id='word_1_150' title='bbox 415 3685 459 3755; x_wconf 88' lang='lat' dir='ltr'>de</span> <span class='ocrx_word' id='word_1_151' title='bbox 475 3684 601 3759; x_wconf 89' lang='lat' dir='ltr'>talibus</span> <span class='ocrx_word' id='word_1_152' title='bbox 616 3689 709 3758; x_wconf 86' lang='lat' dir='ltr'>nori.</span> <span class='ocrx_word' id='word_1_153' title='bbox 724 3688 789 3772; x_wconf 85' lang='lat' dir='ltr'>Oui</span> <span class='ocrx_word' id='word_1_154' title='bbox 805 3708 899 3781; x_wconf 84' lang='lat' dir='ltr'>saepe</span> <span class='ocrx_word' id='word_1_155' title='bbox 914 3688 981 3756; x_wconf 86' lang='lat' dir='ltr'>inm</span> <span class='ocrx_word' id='word_1_156' title='bbox 1000 3686 1131 3758; x_wconf 86' lang='lat' dir='ltr'>litteras</span> <span class='ocrx_word' id='word_1_157' title='bbox 1150 3688 1253 3763; x_wconf 84' lang='lat' dir='ltr'>misit</span> 
     </span>
     <span class='ocr_line' id='line_1_24' title="bbox 165 3807 1253 3903; baseline 0.008 -28"><span class='ocrx_word' id='word_1_158' title='bbox 165 3810 345 3897; x_wconf 79' lang='lat' dir='ltr'>elegantes</span> <span class='ocrx_word' id='word_1_159' title='bbox 370 3807 533 3880; x_wconf 89' lang='lat' dir='ltr'>dominus</span> <span class='ocrx_word' id='word_1_160' title='bbox 560 3809 752 3880; x_wconf 86' lang='lat' dir='ltr'>Cardinalis</span> <span class='ocrx_word' id='word_1_161' title='bbox 774 3831 887 3880; x_wconf 91' lang='lat' dir='ltr'>novus</span> <span class='ocrx_word' id='word_1_162' title='bbox 907 3808 952 3880; x_wconf 85' lang='lat' dir='ltr'>de</span> <span class='ocrx_word' id='word_1_163' title='bbox 974 3808 1107 3881; x_wconf 89' lang='lat' dir='ltr'>Ursinis</span> <span class='ocrx_word' id='word_1_164' title='bbox 1127 3812 1253 3903; x_wconf 87' lang='lat' dir='ltr'>requi-</span> 
     </span>
     <span class='ocr_line' id='line_1_25' title="bbox 165 3927 1252 4025; baseline 0.01 -29"><span class='ocrx_word' id='word_1_165' title='bbox 165 3927 248 3996; x_wconf 86' lang='lat' dir='ltr'>sivit</span> <span class='ocrx_word' id='word_1_166' title='bbox 264 3950 344 3999; x_wconf 89' lang='lat' dir='ltr'>eum</span> <span class='ocrx_word' id='word_1_167' title='bbox 364 3928 536 4001; x_wconf 86' lang='lat' dir='ltr'>instanter</span> <span class='ocrx_word' id='word_1_168' title='bbox 555 3938 592 3999; x_wconf 88' lang='lat' dir='ltr'>ut</span> <span class='ocrx_word' id='word_1_169' title='bbox 609 3951 727 4000; x_wconf 87' lang='lat' dir='ltr'>seeum</span> <span class='ocrx_word' id='word_1_170' title='bbox 748 3932 814 4001; x_wconf 89' lang='lat' dir='ltr'>iret</span> <span class='ocrx_word' id='word_1_171' title='bbox 831 3930 874 4002; x_wconf 88' lang='lat' dir='ltr'>ad</span> <span class='ocrx_word' id='word_1_172' title='bbox 890 3931 1029 4002; x_wconf 89' lang='lat' dir='ltr'>Curiam</span> <span class='ocrx_word' id='word_1_173' title='bbox 1048 3952 1115 4002; x_wconf 92' lang='lat' dir='ltr'>non</span> <span class='ocrx_word' id='word_1_174' title='bbox 1134 3952 1252 4025; x_wconf 86' lang='lat' dir='ltr'>parva</span> 
     </span>
     <span class='ocr_line' id='line_1_26' title="bbox 164 4046 1252 4144; baseline 0.011 -27"><span class='ocrx_word' id='word_1_175' title='bbox 164 4046 232 4118; x_wconf 92' lang='lat' dir='ltr'>sub</span> <span class='ocrx_word' id='word_1_176' title='bbox 262 4070 340 4142; x_wconf 85' lang='lat' dir='ltr'>spe,</span> <span class='ocrx_word' id='word_1_177' title='bbox 368 4049 432 4121; x_wconf 91' lang='lat' dir='ltr'>sed</span> <span class='ocrx_word' id='word_1_178' title='bbox 458 4050 525 4122; x_wconf 86' lang='lat' dir='ltr'>iste</span> <span class='ocrx_word' id='word_1_179' title='bbox 545 4050 604 4144; x_wconf 89' lang='lat' dir='ltr'>qui</span> <span class='ocrx_word' id='word_1_180' title='bbox 626 4072 694 4122; x_wconf 90' lang='lat' dir='ltr'>nnn</span> <span class='ocrx_word' id='word_1_181' title='bbox 716 4052 862 4123; x_wconf 86' lang='lat' dir='ltr'>libenter</span> <span class='ocrx_word' id='word_1_182' title='bbox 882 4073 975 4124; x_wconf 89' lang='lat' dir='ltr'>novo</span> <span class='ocrx_word' id='word_1_183' title='bbox 995 4075 1073 4123; x_wconf 87' lang='lat' dir='ltr'>eum</span> <span class='ocrx_word' id='word_1_184' title='bbox 1102 4051 1252 4129; x_wconf 88' lang='lat' dir='ltr'>domino</span> 
     </span>
     <span class='ocr_line' id='line_1_27' title="bbox 163 4166 1250 4267; baseline 0.012 -31"><span class='ocrx_word' id='word_1_185' title='bbox 163 4166 208 4238; x_wconf 89' lang='lat' dir='ltr'>de</span> <span class='ocrx_word' id='word_1_186' title='bbox 226 4170 323 4241; x_wconf 81' lang='lat' dir='ltr'>italia</span> <span class='ocrx_word' id='word_1_187' title='bbox 341 4171 472 4259; x_wconf 84' lang='lat' dir='ltr'>exibat,</span> <span class='ocrx_word' id='word_1_188' title='bbox 488 4173 677 4245; x_wconf 84' lang='lat' dir='ltr'>recusavit.</span> <span class='ocrx_word' id='word_1_189' title='bbox 693 4174 769 4265; x_wconf 79' lang='lat' dir='ltr'>Ego</span> <span class='ocrx_word' id='word_1_190' title='bbox 789 4183 905 4245; x_wconf 89' lang='lat' dir='ltr'>autem</span> <span class='ocrx_word' id='word_1_191' title='bbox 924 4175 982 4267; x_wconf 88' lang='lat' dir='ltr'>qui</span> <span class='ocrx_word' id='word_1_192' title='bbox 1002 4174 1250 4249; x_wconf 84' lang='lat' dir='ltr'>sufficientiam</span> 
     </span>
     <span class='ocr_line' id='line_1_28' title="bbox 164 4290 1250 4383; baseline 0.013 -24"><span class='ocrx_word' id='word_1_193' title='bbox 164 4290 241 4361; x_wconf 85' lang='lat' dir='ltr'>eins</span> <span class='ocrx_word' id='word_1_194' title='bbox 261 4304 294 4364; x_wconf 86' lang='lat' dir='ltr'>et</span> <span class='ocrx_word' id='word_1_195' title='bbox 315 4316 432 4368; x_wconf 91' lang='lat' dir='ltr'>mores</span> <span class='ocrx_word' id='word_1_196' title='bbox 452 4319 558 4370; x_wconf 90' lang='lat' dir='ltr'>nosse</span> <span class='ocrx_word' id='word_1_197' title='bbox 580 4298 663 4369; x_wconf 91' lang='lat' dir='ltr'>mihi</span> <span class='ocrx_word' id='word_1_198' title='bbox 680 4298 816 4383; x_wconf 84' lang='lat' dir='ltr'>videor,</span> <span class='ocrx_word' id='word_1_199' title='bbox 837 4297 955 4369; x_wconf 90' lang='lat' dir='ltr'>audito</span> <span class='ocrx_word' id='word_1_200' title='bbox 971 4295 1147 4369; x_wconf 83' lang='lat' dir='ltr'>desiderio</span> <span class='ocrx_word' id='word_1_201' title='bbox 1167 4298 1250 4373; x_wconf 86' lang='lat' dir='ltr'>eius</span> 
     </span>
     <span class='ocr_line' id='line_1_29' title="bbox 166 4412 1249 4513; baseline 0.008 -30"><span class='ocrx_word' id='word_1_202' title='bbox 166 4412 209 4483; x_wconf 85' lang='lat' dir='ltr'>ad</span> <span class='ocrx_word' id='word_1_203' title='bbox 232 4435 295 4485; x_wconf 87' lang='lat' dir='ltr'>ros</span> <span class='ocrx_word' id='word_1_204' title='bbox 316 4418 490 4505; x_wconf 87' lang='lat' dir='ltr'>veniendi,</span> <span class='ocrx_word' id='word_1_205' title='bbox 514 4421 558 4492; x_wconf 84' lang='lat' dir='ltr'>ad</span> <span class='ocrx_word' id='word_1_206' title='bbox 580 4419 674 4513; x_wconf 86' lang='lat' dir='ltr'>quod</span> <span class='ocrx_word' id='word_1_207' title='bbox 694 4442 773 4493; x_wconf 84' lang='lat' dir='ltr'>eum</span> <span class='ocrx_word' id='word_1_208' title='bbox 798 4422 889 4491; x_wconf 88' lang='lat' dir='ltr'>ciam</span> <span class='ocrx_word' id='word_1_209' title='bbox 911 4420 1001 4493; x_wconf 77' lang='lat' dir='ltr'>sarna</span> <span class='ocrx_word' id='word_1_210' title='bbox 1023 4430 1152 4491; x_wconf 79' lang='lat' dir='ltr'>vestrm</span> <span class='ocrx_word' id='word_1_211' title='bbox 1172 4420 1249 4493; x_wconf 82' lang='lat' dir='ltr'>rir-</span> 
     </span>
    </p>
   </div>
   <div class='ocr_carea' id='block_1_9' title="bbox 0 0 1422 5086">
    <p class='ocr_par' dir='ltr' id='par_1_9' title="bbox 0 0 1422 5086">
     <span class='ocr_line' id='line_1_30' title="bbox 0 0 1422 5086; baseline 0 2"><span class='ocrx_word' id='word_1_212' title='bbox 0 0 1422 5086; x_wconf 95' lang='lat' dir='ltr'> </span> 
     </span>
    </p>
   </div>
  </div>
 </body>
</html>
