2670 4688
304 319 398 369 amun
417 312 706 368 vtcnsntttst’umus.
717 313 918 365 —nntsuota
939 314 969 362 x.
1135 301 1173 362 85

107 459 167 531 ciis
180 456 292 529 laudis
303 478 398 528 aram
411 452 525 524 cordis
539 451 729 524 restitutori
747 463 816 535 tuo,
833 452 1002 523 servatori
1019 451 1172 524 omnium

107 580 294 653 adolentes.
314 578 386 648 Tibi
404 597 489 647 vero
501 584 669 668 praeterea
683 597 791 669 pauca
805 572 1058 646 subiunxerim.
1073 577 1174 672 Saepe

108 718 141 778 te
166 705 281 778 monui
308 726 350 775 ne
376 723 503 795 corpus
533 712 629 771 tuum
663 699 870 771 necessariis
904 701 988 772 satis
1022 702 1175 774 attritum

107 828 393 917 atterendumque
414 820 590 894 laboribus
612 822 839 915 supervacuis
856 843 1048 915 premeres,
1067 846 1111 895 ne
1124 825 1174 895 in-

108 951 247 1043 genium
277 947 322 1021 ad
347 949 478 1018 litteras
503 954 641 1029 natum,
668 945 713 1016 ad
738 967 834 1016 arma
859 954 1096 1030 converteres,
1120 943 1176 1017 ubi

108 1085 144 1147 ct
164 1072 305 1166 periculi
325 1069 474 1164 amplius
499 1079 534 1139 et
559 1069 676 1138 minus
700 1065 939 1138 delectationis
968 1077 1028 1138 aut
1059 1067 1178 1158 gloria

109 1209 178 1278 est;
196 1194 367 1287 quamvis,
383 1204 420 1264 ut
433 1214 554 1263 verum
572 1190 633 1263 tibi
648 1191 860 1284 praeconium
878 1211 946 1262 non
964 1189 1178 1274 subtraham,

110 1319 172 1388 vix
194 1316 304 1388 norim
325 1318 379 1388 cui
401 1314 511 1406 magis
537 1314 602 1385 bac
626 1323 728 1384 aetate
754 1314 939 1386 conveniat
958 1313 1044 1385 illud
1061 1313 1179 1384 Catoni

112 1441 185 1512 seni
204 1464 224 1513 a
241 1440 316 1532 Tito
336 1438 434 1511 Livio
460 1437 641 1519 tributum,
669 1435 725 1507 cui
750 1428 880 1508 scilicet
900 1437 1064 1509 versatile
1083 1438 1181 1528 inge-

111 1565 206 1635 nium
229 1564 278 1634 sic
298 1563 428 1656 pariter
452 1560 497 1631 ad
521 1560 636 1630 omnia
656 1560 719 1630 luit
744 1570 782 1630 ut
798 1541 917 1630 ¹natum
943 1558 988 1630 ad
1013 1560 1048 1631 id
1074 1583 1180 1632 unum

111 1685 255 1771 diceret,
274 1683 518 1777 quodcumque
534 1691 664 1773 ageret.
686 1681 759 1752 Non
782 1691 896 1753 tamen
918 1682 953 1754 id
974 1683 1057 1754 mibi
1075 1705 1183 1776 nega-

112 1810 206 1882 veris
227 1809 341 1902 ipsum
359 1806 534 1898 ingenium
556 1815 652 1876 tuum
672 1804 702 1874 si
723 1825 822 1877 suam
843 1804 890 1875 illi
911 1805 1102 1878 libertatem
1120 1807 1184 1879 ad-

113 1931 259 2013 dideris,
281 1930 310 2000 si
331 1932 427 2002 irena
453 1926 645 2013 laxaveris,
679 1927 746 1999 etsi
775 1927 820 2000 ad
852 1927 966 1999 omnia
986 1930 1112 2021 possit,
1139 1928 1184 2000 ad

113 2055 246 2126 litteras
275 2053 511 2124 diversorum.
541 2049 587 2121 At
619 2061 656 2122 tu
684 2050 786 2143 quasi
813 2049 946 2123 consilii
974 2051 1040 2122 mei
1067 2051 1185 2146 tuique

112 2175 266 2270 corporis
287 2175 467 2247 immemor
483 2184 519 2246 et
539 2173 588 2244 tui
605 2171 764 2244 desertor
784 2172 928 2266 ingenii,
951 2184 1134 2267 peraestus
1151 2186 1186 2246 et

114 2299 271 2391 glaciem,
285 2320 348 2391 per
361 2296 488 2369 imbres
501 2305 536 2368 et
549 2298 739 2389 pulverem,
754 2319 817 2390 per
828 2318 956 2392 vepres
968 2308 1003 2369 et
1016 2297 1185 2370 lubricum

114 2420 255 2492 assidue
272 2421 440 2500 volveria,
456 2439 520 2488 nec
533 2420 699 2510 ancipites
716 2439 819 2489 casus
831 2418 942 2501 vides,
961 2441 1024 2491 nec
1040 2421 1186 2492 circum-

117 2543 195 2608 lusa
218 2537 427 2608 discrimina.
455 2538 523 2607 Oro
544 2547 586 2618 te,
605 2538 785 2630 opiniones
810 2538 989 2609 hominum
1013 2540 1185 2631 pessimas

119 2669 222 2750 atque
254 2654 458 2728 falsissimas
492 2678 656 2729 aversare
688 2666 723 2729 et
754 2670 915 2730 naturam
943 2680 1101 2753 sequere.
1128 2663 1185 2733 llla

119 2793 152 2852 te
169 2781 273 2853 ducet
285 2779 330 2851 ad
346 2791 440 2852 tuum
462 2779 578 2852 linem.
596 2781 695 2852 Nunc
711 2781 823 2854 aliena
844 2783 1002 2869 sectaris,
1022 2806 1088 2856 non
1106 2785 1187 2879 quia

119 2902 176 2975 tibi
210 2903 285 2975 baec
316 2906 488 2998 placeant,
522 2904 578 2975 cui
606 2904 653 2976 nil
686 2907 824 2998 penitus
858 2921 983 3001 praeter
1004 2908 1184 2980 honestum

116 3027 240 3118 placet,
261 3024 325 3096 scd
336 3036 376 3096 ut
388 3034 425 3097 tu
442 3025 520 3097 aliis
534 3029 672 3118 placeas
689 3027 818 3117 quibus
832 3029 918 3101 icrte
931 3052 1000 3101 non
1013 3031 1187 3123 placuisse

117 3148 163 3217 sit
179 3149 299 3219 satius.
316 3151 360 3219 Et
379 3149 423 3220 de
444 3161 477 3220 te
497 3148 637 3239 quidem
655 3150 833 3221 hactenus.
852 3150 906 3220 Ad
924 3174 979 3223 me
997 3154 1111 3245 ipsum
1130 3174 1187 3221 re-

116 3266 194 3338 deo.
215 3270 298 3338 Ruri
324 3267 440 3342 habito
467 3270 560 3341 baud
587 3275 704 3362 procul
733 3270 868 3342 Abduae
893 3272 1006 3342 amnis
1034 3273 1117 3363 ripa.
1144 3273 1188 3342 Et

117 3389 279 3483 quoniam
302 3412 371 3460 non
391 3392 489 3462 aliter
506 3391 572 3464 mei
593 3405 746 3488 tequam
768 3397 819 3465 tui
840 3417 894 3466 me
912 3394 1092 3465 sollicitum
1116 3395 1188 3464 scio

117 3515 267 3607 qualiter
287 3513 372 3582 mibi
400 3536 493 3584 nune
517 3516 561 3584 sit
580 3538 658 3587 cum
680 3515 844 3602 audieris
870 3527 965 3612 puto,
994 3515 1185 3589 miraberis.

119 3640 193 3709 Scis
214 3638 294 3707 olim
316 3657 372 3707 me
393 3634 637 3725 cx'omnibus,
663 3643 723 3734 qui
743 3642 835 3735 apud
851 3645 939 3713 ullas
960 3653 1082 3732 gentes
1102 3664 1188 3734 quo-

118 3783 267 3854 cumque
290 3774 444 3855 tempore
470 3761 684 3855 scripserint,
713 3774 826 3836 mcum
846 3765 880 3833 in
901 3765 982 3850 boo,
1003 3775 1041 3835 ut
1065 3765 1188 3838 inmul-

121 3885 165 3954 tis
193 3885 389 3955 unanimem
421 3883 643 3974 singulariter
668 3885 865 3957 Ciceronem
895 3887 1012 3959 mirari
1036 3898 1071 3959 et
1094 3912 1187 3962 ama-

20 3991 33 4014 ⁰
122 4031 169 4078 re.
191 4009 309 4101 Neque
334 4008 426 4079 enim
453 4028 577 4079 vereor
601 4031 645 4079 ue
671 4031 792 4102 parurn
815 4010 1030 4083 Christianus
1052 4013 1130 4096 sim,
1159 4013 1186 4082 si

122 4131 365 4206 Ciceronianus
382 4137 488 4206 luero.
515 4130 605 4205 Nihil
620 4133 712 4205 enim
731 4146 849 4207 contra
874 4135 1047 4209 Christum
1072 4137 1188 4207 Cicero
