2670 4688
162 234 222 295 tet
619 246 780 313 tantumne

164 410 244 473 nus,
264 387 307 459 od
327 387 533 460 Ammonem
566 392 763 483 episcopum,
793 389 832 457 ia
863 389 1006 480 optime
1045 400 1172 460 motum
1199 393 1264 462 orti

165 522 277 581 terro:
302 521 338 582 et
358 521 439 607 post
459 533 586 606 pauca:
620 509 769 608 Suscepit
788 530 851 595 mc,
873 508 1020 602 inquit,
1040 524 1196 606 paterne
1214 516 1263 585 ille

164 634 258 703 lonso
279 635 358 718 Dei,
378 645 410 703 et
425 637 724 728 perepriuotionem
740 655 846 703 mcum
865 633 1121 727 episcopaliter
1136 633 1261 708 dilem't.

164 754 256 840 Quid
276 755 349 840 tibi,
383 756 466 849 quid
487 756 569 827 mihi
591 755 853 828 convenientius
866 825 869 829 ,
884 753 960 826 dici
991 760 1150 849 potest?
1181 756 1261 830 Veni
1320 806 1323 823 ,

165 898 233 972 ego
252 900 321 950 non
341 878 589 962 Mediolanum,
610 876 703 950 unde
723 876 782 949 tibi
803 884 919 948 umen
942 874 1032 951 haee
1047 879 1186 965 scribo,
1197 901 1261 975 qno
1320 910 1323 945 ε

165 999 297 1096 pridem
311 1025 332 1073 a
344 1011 379 1072 te
399 1021 543 1095 corpore
561 1002 744 1093 digressus
760 1021 839 1072 eum
859 998 929 1084 alio
947 1023 1172 1095 pergerem,
1186 1006 1262 1077 For·

165 1131 250 1195 tuna
266 1122 317 1194 sic
337 1144 393 1195 res
415 1123 592 1195 hominum
609 1128 788 1209 volvente,
815 1123 979 1216 perveni,
1015 1128 1094 1200 sed
1115 1128 1156 1200 in
1176 1126 1261 1201 ruris

165 1246 215 1319 tui
236 1257 383 1331 secreta,
405 1267 474 1319 non
492 1259 526 1320 te
544 1240 696 1340 quidem,
714 1268 818 1340 quem
838 1245 958 1318 adhuc
979 1249 1059 1321 nisi
1083 1253 1180 1326 lucie
1198 1272 1261 1324 non

165 1390 304 1457 noram,
319 1370 382 1442 sed
395 1369 613 1443 solitudinem
628 1370 672 1444 ab
685 1371 827 1442 infantia
845 1369 1016 1442 dilectam
1040 1395 1092 1447 ac
1106 1376 1261 1449 locorum

166 1490 339 1565 silentium
369 1515 534 1587 quaerens
567 1496 662 1580 veni,
697 1494 755 1566 ubi
787 1516 808 1567 a
832 1504 866 1565 te
886 1513 997 1585 quam
1020 1507 1188 1590 paterne
1207 1521 1262 1572 sn·

167 1625 306 1709 sceptus
324 1617 404 1699 sim,
421 1639 528 1710 quam
547 1639 633 1710 erga
652 1641 707 1691 me
732 1617 944 1691 familiariter
973 1620 1095 1694 simul
1126 1625 1260 1720 episco-

166 1740 359 1834 paliterque
380 1750 413 1812 te
434 1741 602 1833 gesseris,
623 1750 659 1814 tn
680 1743 768 1815 sorte
791 1743 850 1814 vel
868 1739 954 1813 nihil
974 1745 1170 1834 aestimes,
1193 1750 1258 1832 vel,

167 1863 261 1956 quod
277 1862 380 1935 valde
401 1862 566 1936 beneficis
591 1863 708 1937 inesse
729 1866 828 1947 solet,
849 1861 981 1935 oblitus
1004 1866 1079 1952 sis3
1103 1892 1180 1963 ego
1196 1892 1259 1945 non

167 1985 198 2059 si
216 1985 348 2058 Lethaei
365 1987 513 2079 gurgitis
530 1987 659 2059 fluenta
680 1987 875 2060 transierim
899 1985 1121 2076 obliviscar,
1149 2005 1191 2066 nt
1210 2018 1261 2067 mc

167 2126 305 2200 semper
324 2130 393 2179 una
413 2110 525 2182 fronte
543 2132 681 2203 unoque
699 2111 814 2183 animo
825 2107 971 2182 videris:
997 2121 1038 2181 ut
1055 2114 1110 2186 ad
1131 2127 1169 2189 te
1182 2117 1262 2191 inde

166 2230 361 2301 venientem
391 2231 586 2326 exceperis,
622 2245 814 2307 morantem
840 2232 1075 2321 excitaveris,
1108 2258 1262 2334 segnem

166 2352 394 2448 increpueris,
415 2363 452 2426 et
469 2354 747 2428 adhortationum
769 2354 917 2429 stimulis
938 2374 1040 2450 saepe
1062 2366 1261 2455 segnitiem

167 2476 384 2561 excusseris,
403 2497 497 2572 saepe
520 2490 587 2550 'nec
608 2478 756 2550 stimulis
780 2477 922 2570 quidem
941 2492 1151 2573 parentem,
1176 2486 1262 2560 urbe

167 2601 286 2673 relicta
300 2611 369 2686 tua,
383 2623 523 2696 quoque
539 2624 595 2675 me
610 2602 773 2694 dignatus
795 2601 844 2673 sis
862 2603 1150 2700 consolatusque
1170 2632 1260 2707 prae-

169 2723 295 2809 sentia,
315 2733 417 2817 teque
437 2725 583 2819 hospitis
596 2745 693 2796 amor
706 2724 890 2797 attraxerit
909 2746 979 2816 quo
995 2726 1169 2804 locorum
1185 2744 1260 2808 tuo·

168 2866 245 2915 rum
271 2845 399 2917 caritas
427 2866 497 2917 non
512 2845 681 2917 trahebat.
697 2843 751 2917 Me
768 2856 871 2931 naut
886 2856 1011 2918 caeteru
1033 2856 1257 2943 praetermit-

169 2975 261 3053 tam,
295 2967 388 3038 illius
416 2967 482 3039 loci
511 2967 746 3040 immemorem
779 2966 976 3051 arbitraris,
1000 2968 1093 3044 dum
1121 2978 1256 3055 coactis

170 3088 351 3161 sarcinulis
364 3090 493 3162 ltaliam
510 3100 679 3182 repetens,
702 3110 782 3163 sero
801 3089 846 3162 ad
864 3101 898 3161 te
918 3112 980 3183 pro
999 3089 1259 3177 benedictione

170 3235 211 3284 ac
239 3213 373 3285 licentia
406 3216 598 3298 venissem,
631 3226 712 3286 ante
744 3215 828 3286 solis
856 3234 1018 3287 occasum
1040 3218 1260 3299 Druentiam

171 3337 395 3421 transiturum
410 3348 448 3408 ut
463 3349 494 3410 te
508 3337 662 3430 graviter
678 3347 917 3430 aegrotantem,
931 3336 1026 3431 quod
1039 3337 1166 3416 dolori
1180 3370 1262 3422 meo

171 3481 315 3552 parcens
338 3478 392 3531 me
412 3462 599 3544 celaveras,
627 3470 773 3533 moestus
799 3470 834 3532 et
858 3459 1034 3533 admirans
1054 3469 1200 3558 reperi;
1223 3480 1261 3543 ut

174 3583 289 3657 subito
310 3587 420 3657 lactus
453 3584 599 3656 alacrior
628 3595 717 3657 totos
748 3594 891 3677 penates
917 3585 995 3655 laeto
1015 3585 1167 3675 quidem
1194 3593 1260 3667 sed

174 3707 331 3780 modesto
343 3709 494 3780 clamore
506 3707 694 3800 complesti,
710 3719 741 3779 te
755 3707 890 3781 sanitati
905 3705 1076 3779 redditum
1091 3709 1259 3789 adventu

175 3849 253 3900 meo
274 3828 482 3922 praedieans3
516 3839 553 3901 ut
582 3829 616 3900 in
635 3829 817 3922 egregium
835 3830 974 3902 fratrem
996 3839 1095 3900 tunm
1119 3856 1258 3909 versus

177 3950 258 4022 nihil
281 3940 354 4024 iam'
370 3965 402 4026 te
418 3952 463 4025 de
484 3955 594 4026 salute
620 3962 680 4024 tua
710 3952 856 4026 dubium
876 3952 1011 4038 dixisti,
1034 3951 1121 4044 quia
1143 3982 1258 4054 quem

178 4075 362 4159 qrraerebas
378 4078 585 4160 invenisses;
595 4084 632 4148 ut
646 4076 831 4160 mox,dum
845 4096 911 4165 ego
924 4078 1044 4148 dolens
1059 4079 1213 4169 quidem
1222 4097 1260 4159 et
