2670 4688
381 270 473 319 uranu
496 270 882 325 mensiune-sersaoni
904 279 944 327 ιι.
1166 270 1203 330 to

107 408 308 501 coeperint,
334 419 450 492 ruunt,
478 409 684 502 ruinamque
710 432 775 484 suo
795 414 949 506 pondere
969 427 1202 510 praegravant,

126 539 165 601 ιιι
184 552 264 602 cum
290 530 420 602 facilior
442 540 514 603 tum
535 533 679 622 gravior
703 556 724 604 a
745 535 868 606 mediis
889 537 934 609 ad
953 538 1036 623 ima,
1059 562 1163 632 quam
1184 562 1204 610 a

126 653 273 724 summis
291 652 337 723 ad
357 652 473 724 media
485 674 590 725 casus
609 653 664 724 sit.
679 653 779 726 Certe
796 666 835 726 ut
851 658 983 749 primus
1001 682 1021 730 a
1037 660 1204 733 doctrinae

126 776 323 871 multiplicis
342 785 377 847 et
394 775 546 846 coelestis
562 797 643 848 arce
659 777 832 848 facundiae
847 779 892 850 ud
911 803 1014 852 unam
1031 783 1206 875 aequitatis

94 899 98 906 ’
126 920 167 970 ac
191 898 304 970 civilis
331 897 489 969 scientiae
514 896 749 991 disciplinam,
777 898 828 970 sie
854 900 1029 972 secundus
1056 904 1135 975 inde
1161 905 1206 976 ad

126 1023 308 1114 loquacem
333 1021 560 1111 ignorantiam
586 1020 717 1111 gradus
743 1021 821 1104 fuit,
850 1021 940 1094 unde
966 1023 1031 1093 iam
1059 1025 1206 1098 cadendi

127 1143 276 1238 amplius
297 1143 409 1234 plena,
430 1140 462 1211 ni
478 1142 591 1225 fallor,
613 1142 779 1214 securitas
797 1154 896 1236 parta
916 1157 980 1217 est.
1003 1146 1095 1229 Quid
1113 1148 1206 1220 enim

126 1267 192 1336 iam
208 1266 298 1335 infra
310 1266 386 1335 est‘l
403 1264 517 1354 Leges
533 1283 552 1331 a
566 1262 724 1355 patribus
739 1275 831 1336 lanta
845 1269 899 1338 vel
916 1268 1089 1359 gravitate
1101 1270 1207 1340 animi

127 1387 184 1458 vel
207 1386 336 1479 ingenii
357 1386 518 1458 facilitate
536 1382 741 1478 descriptae·
764 1399 825 1460 aut
846 1410 913 1459 non
933 1391 1128 1483 intelligunt
1147 1402 1208 1463 aut

126 1510 315 1603 obliquant.
337 1511 507 1581 lustitiam
533 1520 628 1581 tanto
648 1512 693 1583 ab
718 1512 785 1583 illis
805 1515 933 1583 cultam
961 1513 1077 1585 studio
1097 1512 1207 1586 deho-

126 1644 275 1720 nestant,
293 1656 397 1727 quam
415 1639 541 1708 venale
560 1634 820 1706 mercimonium
840 1635 961 1706 fecere.
976 1636 1111 1726 Lingua
1129 1636 1206 1719 illis,

126 1781 268 1843 manue,
291 1758 482 1851 ingenium,
504 1759 633 1840 anima,
656 1755 779 1841 decus,
802 1759 905 1841 fama,
929 1769 1081 1852 tempus,
1104 1756 1206 1842 fides,
1229 1740 1235 1748 ⁵

128 1878 304 1962 amicitiae,
332 1879 377 1951 ad
402 1892 619 1973 postremum
646 1879 761 1951 omnia
781 1882 933 1963 venalia,
962 1901 1076 1972 neque
1102 1881 1209 1972 pluris

129 1999 231 2093 pretii
251 2023 357 2093 quam
370 2025 434 2095 par
445 2011 510 2073 est.
533 2003 578 2072 Et
594 2022 699 2093 quam
712 2003 805 2072 nulla
820 2002 997 2095 proportio
1016 2012 1208 2094 temporum

128 2144 170 2194 ac
202 2145 349 2195 morum.
381 2123 432 2194 llli
456 2123 620 2195 iustitiam
649 2123 759 2194 sacris
784 2122 923 2214 legibus
949 2122 1145 2205 armabant,
1174 2121 1209 2191 hi

128 2255 345 2317 exarmatam
366 2244 602 2337 nudatamque
622 2243 847 2337 prostituunt:
868 2245 963 2339 apud
983 2246 1059 2316 illos
1079 2243 1210 2317 veritas

129 2365 164 2434 in
186 2366 297 2457 pretio
317 2369 396 2446 fuit,
418 2367 510 2458 apud
532 2367 598 2437 hos
619 2368 736 2438 fraus:
758 2366 805 2436 illi
830 2377 925 2438 certa
945 2376 981 2437 et
1005 2367 1209 2438 inconvulsa

130 2505 300 2575 responsa
319 2484 450 2554 dabant
471 2487 622 2577 populis.
646 2486 681 2554 hi
701 2486 790 2555 dolis
811 2499 846 2556 et
864 2487 1114 2558 fallaciunculis
1134 2488 1210 2558 lites

131 2603 241 2684 alunt,
268 2611 303 2671 et
323 2601 450 2694 quibus
478 2603 657 2674 iudiciaria
679 2605 825 2696 cuspide
851 2604 1062 2696 perimendis
1088 2607 1209 2677 adsciti

132 2736 226 2807 sunt,
255 2721 328 2796 fieri
355 2725 498 2818 eupiunt
523 2725 746 2796 immortales.
779 2725 870 2808 Quid
897 2724 1054 2818 pluribus
1075 2729 1212 2798 morer?

130 2847 295 2940 Quisquis
323 2847 446 2918 horum
469 2847 665 2939 promptius
692 2847 915 2917 reluctantem
938 2855 974 2917 et
994 2847 1137 2919 invitam
1163 2850 1213 2920 le-

130 2991 209 3060 gem
224 2969 268 3040 ad
285 2969 462 3041 libidinem
482 2991 582 3040 suam
602 2967 716 3046 traxit,
732 2968 762 3037 is
779 2979 814 3039 et
828 2968 1064 3041 iurisconsulti
1084 2990 1211 3042 munus

132 3093 296 3182 implevit,
331 3101 367 3162 et
392 3082 487 3162 docti
516 3091 583 3160 viri
609 3091 735 3162 meruit
759 3113 894 3163 nomen.
923 3090 959 3164 Si
986 3092 1066 3185 quis
1091 3103 1209 3164 autem

132 3233 232 3282 rarus
253 3216 369 3306 procul
391 3212 437 3284 ab
462 3214 516 3284 liis
537 3211 670 3284 artibus
694 3224 825 3284 rectum
853 3213 957 3285 nudae
978 3215 1097 3286 callem
1120 3213 1212 3284 veri-

132 3333 212 3405 tatis
233 3334 387 3427 arripiat,
414 3345 648 3429 praeterquam
676 3334 771 3427 quod
791 3337 875 3407 lucri
902 3348 938 3407 et
963 3337 1085 3427 gratiae
1104 3357 1210 3407 exors

130 3467 194 3538 est,
215 3455 312 3526 rudis
333 3459 475 3550 iusuper
495 3467 530 3528 et
547 3457 670 3529 insulsi
692 3457 842 3529 hominis
861 3457 905 3529 sit
923 3456 1104 3528 subiturus
1126 3457 1211 3529 inla-

131 3577 245 3648 miam.
267 3578 321 3648 Ad
342 3577 408 3666 hoc
429 3579 493 3649 iter
519 3579 616 3650 tarde
637 3590 837 3671 susceptum
862 3578 920 3649 tihi
945 3577 1046 3668 quasi
1067 3577 1211 3648 difficul-

132 3701 210 3772 tatis
232 3699 398 3792 horaeque
419 3702 578 3770 conscins
605 3701 855 3772 adhortationis
886 3721 973 3769 mem
999 3700 1112 3771 calcar
1135 3701 1212 3771 exi-

132 3823 196 3913 gis.
213 3822 335 3894 Nescio
349 3821 477 3914 quilius
493 3821 609 3892 verbis
625 3823 659 3895 id
678 3824 813 3894 faciam.
833 3822 969 3893 Faciam
995 3833 1120 3893 tamen.
1136 3822 1211 3895 Non

133 3954 214 4016 sunt
226 3945 317 4016 enim
333 3947 429 4036 leges
444 3947 561 4027 malae,
579 3945 741 4036 quamvis
754 3946 797 4017 ad
813 3948 959 4017 salutem
975 3946 1144 4039 publicam
1161 3947 1212 4014 in·

134 4078 246 4137 uenter
260 4045 354 4158 saepo
375 4066 406 4135 in
426 4067 890 4159 perniciemconvertantur:
906 4068 992 4137 sieut
1009 4090 1072 4138 nec
1087 4086 1209 4136 aurum
