2670 4688
153 286 211 346 lto
489 295 530 343 ns
553 274 654 343 nanus
675 293 898 342 snnrnrlmuus

149 437 257 529 quaeri
277 436 406 529 possis,
426 448 457 508 te
476 446 632 508 notatum
652 437 802 530 posteris
822 436 959 508 tradere
973 458 1049 507 sum
1065 455 1231 506 ausurus

150 559 240 641 Quid
266 559 359 630 enim
389 558 481 650 agis,
512 581 575 630 oro
605 568 651 643 te,
680 559 821 629 Caesar‘l
846 557 935 642 Quid
962 558 1117 629 moliris‘l
1142 557 1233 639 Quid

148 683 343 754 cunctaris?
363 683 461 755 Unde
482 692 600 754 autem
621 682 688 752 nisi
711 693 770 752 tuo
790 679 835 750 de
854 680 972 750 labore
989 680 1132 770 gloriam
1153 700 1233 770 spe-

149 809 231 876 ras‘l
252 807 394 878 Mirum!
417 807 501 877 tanti
520 805 623 877 animi
641 806 727 886 vim,
746 805 831 874 tanti
853 825 998 874 acumen
1015 801 1143 893 ingenii
1161 822 1232 871 non

147 925 259 998 dicam
278 927 443 999 obtusum
462 929 495 998 in
515 940 549 999 te
568 927 673 1021 (absit
690 937 727 997 ul
744 926 779 995 id
797 924 944 1017 verear),
960 925 1021 996 sed
1041 925 1110 995 situ
1128 924 1234 994 nimio

147 1047 344 1137 rubiginem
374 1050 606 1120 contraxisse.
631 1049 859 1133 Undecimus,
884 1050 950 1119 nisi
979 1051 1095 1133 fallor,
1117 1069 1232 1138 annus

148 1170 324 1263 agiturex
349 1191 419 1262 quo
432 1173 581 1263 primum
603 1192 722 1242 moras
744 1180 822 1241 tuas
841 1172 1009 1263 increpui,
1032 1172 1135 1243 bomo
1150 1183 1232 1243 tunc

148 1293 346 1386 incognitus
369 1291 445 1377 tibi,
467 1293 527 1364 sed
550 1293 646 1364 nosci
668 1293 810 1386 cupiens
829 1301 865 1364 et
881 1302 1016 1364 amator
1033 1293 1178 1386 imperii:
1197 1307 1233 1365 et

148 1415 178 1487 si
198 1415 393 1487 libertatem
415 1434 527 1484 meam
549 1424 632 1485 tunc
651 1434 720 1483 non
741 1422 873 1484 tantum
899 1414 1006 1483 tulisti
1028 1415 1092 1486 sed
1113 1412 1234 1485 lauda-

147 1537 204 1620 sti,
227 1546 322 1607 certe
343 1536 410 1605 iam
432 1533 631 1605 senioribus
650 1544 686 1604 et
707 1534 788 1604 milri
811 1537 889 1628 plus
911 1532 1093 1618 libertatis
1116 1547 1152 1607 et
1172 1534 1232 1607 tibi

145 1654 382 1727 excusationis
415 1654 592 1748 aliquanto
624 1667 679 1727 est
711 1657 840 1727 minus.
876 1657 1004 1747 Relege
1036 1678 1117 1748 quae
1151 1668 1234 1728 tunc

149 1778 286 1872 scripsi.
307 1776 455 1850 Videbis
476 1789 606 1871 quanto
622 1776 684 1849 tibi
702 1800 794 1850 nunc
811 1778 949 1870 singula
968 1779 1234 1850 convenientius

146 1901 214 1974 dici
235 1902 382 1998 possint,
405 1922 448 1972 co
469 1899 563 1993 quod
583 1913 618 1972 et
638 1901 778 1974 occasio
796 1904 921 1994 ingens
942 1902 1230 1995 praetermittitur,

146 2036 181 2097 et
201 2027 280 2123 plus
300 2025 383 2096 vitae
408 2022 504 2107 abiit,
532 2025 648 2096 minus
675 2033 794 2096 restat.
821 2025 943 2094 Nonne
969 2023 1069 2093 vides
1095 2024 1230 2091 lluxum

147 2147 313 2240 temporis
326 2157 361 2217 ct
374 2147 605 2241 praerapidum
619 2148 733 2221 aetatis
745 2144 964 2237 lugam‘lNon
980 2144 1089 2214 sentis
1101 2150 1232 2233 quanto

148 2267 266 2340 studio
291 2268 410 2340 virtuli
442 2269 592 2363 primum
617 2267 925 2359 conscientiaeque,
953 2262 1078 2336 dehinc
1110 2261 1232 2354 glorian

149 2400 220 2460 tuae
239 2387 285 2461 de
306 2390 520 2484 posteritatis
541 2388 677 2462 iudiciis
698 2388 895 2459 vacandum
917 2386 983 2457 sit‘l
1003 2384 1078 2454 Non
1099 2381 1234 2472 cogitas

148 2510 207 2584 ubi
222 2510 352 2584 abieris
368 2515 525 2607 solioque
538 2509 777 2594 descenderis,
793 2508 887 2604 quod
907 2507 1025 2601 utique
1037 2504 1232 2577 laciendum

148 2649 224 2722 est,
246 2656 359 2730 neque
377 2638 436 2710 tibi
459 2638 593 2710 reditus
613 2637 715 2708 ullam
744 2655 856 2729 spem,
879 2652 994 2724 neque
1019 2626 1234 2700 successoris

148 2764 199 2835 tui
218 2760 397 2844 virtutem,
420 2760 515 2853 quod
536 2761 685 2830 Traiano
704 2758 841 2829 dixisse
862 2758 971 2825 fertur
991 2770 1080 2837 anus
1102 2750 1156 2821 illa
1172 2748 1235 2818 mi-

149 2881 320 2966 serabilis,
340 2880 466 2976 pudori
487 2890 546 2950 tuo
568 2858 900 2972 posse'consulere‘l

239 3030 241 3034 ’
285 3020 363 3087 Cum
380 3017 475 3081 semel
491 3015 655 3088 occideris,
674 3021 704 3076 et
720 3013 759 3075 do
775 3017 806 3073 te
823 3007 978 3088 splendida
994 3007 1091 3070 llinos

345 3115 464 3181 Facerit
479 3113 623 3188 arbitria,

285 3215 366 3294 llon,
383 3214 551 3293 torquete,
568 3226 680 3289 genus,
696 3222 758 3269 non
773 3212 805 3268 te
820 3205 978 3281 facundia,
996 3222 1057 3268 non
1074 3213 1104 3268 le

347 3311 496 3377 llestituel
513 3307 610 3390 pietas

149 3441 261 3535 inquit
280 3442 436 3513 Flaccus.
457 3436 533 3507 Non
554 3432 656 3506 audis
676 3430 882 3522 Virgilium:

290 3578 409 3661 Optima
425 3590 556 3656 qumque
572 3573 638 3636 dies
655 3570 779 3635 miseris
796 3571 976 3635 mortalibus
993 3571 1052 3634 aeri

288 3677 391 3740 Prima
407 3673 508 3755 lugit‘l

147 3795 379 3888 eumdemque
394 3821 401 3864 :

289 3933 353 3996 Stat
369 3950 425 3998 sua
443 3933 558 4014 cuique
575 3933 658 3996 dies:
673 3932 770 3995 breve
787 3938 817 3993 ct
835 3923 1033 4005 irreparabile
1050 3930 1170 4002 tempus

289 4033 439 4098 Omnibus
456 4040 502 4097 est
519 4033 608 4109 vitm,
626 4032 679 4095 sed
696 4031 810 4092 lamam
828 4021 992 4088 estendere
1010 4021 1094 4083 lactis

289 4133 352 4196 lloc
368 4132 495 4196 virtutis
512 4131 614 4211 opust
