2670 4688
119 287 180 348 444
575 296 737 351 vnnltlllml

121 452 235 512 tamen
268 439 401 512 interea
432 438 668 513 solitudinem
686 463 887 535 verumque
920 445 1049 519 otium
1085 453 1204 547 suspiro
1232 420 1239 549 4

122 583 261 658 semper
277 571 312 634 et
332 564 457 656 cogito.
478 563 515 634 ln
534 584 640 657 quam
662 586 746 650 rem,
768 574 807 636 ut
827 566 919 638 milri
943 580 1028 642 tuae
1050 573 1131 666 opis
1149 579 1204 668 pol-

120 684 262 757 licitatio
287 696 387 779 grata
413 687 469 770 sit,
498 688 577 780 plus
602 698 656 759 est
681 709 784 780 quam
806 688 908 782 quod
928 689 1010 764 hoe
1031 698 1204 769 calamoet

122 807 189 879 hoe
214 820 390 881 momento
414 808 580 901 temporis
606 809 717 902 possit
740 808 890 882 absolvi.
927 813 1062 908 Atque
1093 821 1203 890 utinm

121 928 194 1013 tibi,
224 944 262 1003 ut
287 952 458 1024 generosa
483 950 596 1015 mens,
631 930 682 1002 sio
714 939 751 1001 et
777 930 926 1004 facilitas
956 938 1123 1012 aetionis
1141 941 1203 1013 datr
1230 936 1235 1009 i

120 1061 231 1123 esset:
252 1075 356 1146 quam
378 1062 538 1145 negatam
564 1052 645 1125 esse
672 1053 756 1124 satis
787 1053 879 1147 apud
909 1076 973 1128 me
1004 1059 1133 1134 iudicii
1151 1075 1202 1143 est.

120 1174 285 1267 quoniam
306 1175 341 1244 in
355 1194 398 1245 eo
412 1183 503 1248 statu
519 1195 576 1247 res
590 1175 752 1248 humanae
767 1177 836 1246 sint
847 1178 1005 1267 quando
1019 1180 1112 1256 boni
1128 1185 1202 1265 nihil

121 1296 236 1368 omnia
256 1297 337 1368 mali
357 1309 513 1389 possunt.
535 1299 665 1370 Verum
691 1298 758 1371 ista
779 1300 1053 1393 praetervehar,
1068 1328 1119 1379 ne
1133 1328 1204 1404 pre

122 1430 175 1492 ter
195 1418 434 1512 indignitatem
457 1443 572 1493 rerum
592 1421 818 1515 doloremque
839 1442 978 1508 meum,
1007 1448 1072 1501 me
1095 1452 1203 1524 quere·

75 1578 81 1589 ·
123 1543 234 1613 larum
256 1542 425 1614 inutilium
447 1554 482 1615 et
503 1542 641 1638 pondus
661 1553 795 1636 premat
821 1554 857 1615 et
882 1561 1031 1638 pungat
1059 1555 1202 1624 aculeos

123 1663 307 1757 Reliquum
327 1674 382 1736 est
401 1666 495 1758 quod
514 1688 580 1757 ego
604 1676 638 1738 te
662 1666 728 1737 hac
753 1687 1000 1753 reversurum,
1044 1684 1089 1745 nt
1124 1674 1203 1748 Laed

124 1788 236 1859 nostri
256 1787 394 1881 seriptis
415 1809 630 1883 acceperam,
649 1788 847 1883 aliquandiu
864 1789 985 1860 animo
1011 1814 1203 1892 suspensos

124 1921 230 2006 atque
254 1911 379 1984 avidus
410 1912 617 2005 expectavi:
652 1933 721 1984 non
753 1912 848 2005 quod
879 1922 941 1982 aut
975 1917 1045 1988 tali
1085 1920 1203 1996 eonon

122 2033 252 2126 dignus
278 2056 359 2128 ego,
390 2045 450 2106 aut
478 2034 604 2107 domus
631 2055 707 2106 mea
728 2034 811 2107 tanti
833 2033 982 2130 hospitis
1007 2061 1139 2136 capax
1162 2066 1204 2118 en

124 2165 199 2226 set:
226 2155 289 2226 sed
315 2156 538 2227 memineram
558 2177 628 2228 non
650 2155 754 2229 modo
773 2154 926 2229 Aloidem
950 2158 1126 2239 Evandri
1148 2169 1206 2243 ino

117 2260 202 2372 'pem
227 2287 331 2370 atque
360 2278 560 2352 horrentem
584 2281 729 2373 regiam,
758 2279 822 2352 sed
847 2279 1044 2366 vimineum
1067 2289 1208 2366 Amida

122 2402 275 2474 casulam
309 2401 433 2474 lulium
467 2402 660 2487 Caesarem,
694 2403 859 2496 quodque
891 2405 1011 2477 omnia
1051 2426 1208 2510 superat,

122 2522 257 2597 Zaohaei
275 2520 417 2597 domum
443 2524 619 2598 Christum
646 2523 827 2596 Dominum
847 2522 1014 2598 subiisse.
1043 2532 1125 2609 Sed
1153 2538 1207 2613 ol!

124 2666 205 2740 spes
221 2648 429 2720 mortalium.
454 2648 542 2719 Dum
562 2645 646 2718 milri
665 2645 746 2719 talia
764 2643 946 2738 fingerem,
966 2658 1007 2721 tn
1027 2650 1112 2730 iam
1130 2662 1209 2735 ealle

124 2767 191 2842 alio
210 2767 379 2841 nimbosae
394 2768 493 2862 Alpis
515 2770 596 2861 iuga
614 2768 897 2855 transcenderas
921 2769 991 2842 iam
1014 2772 1103 2870 (pro
1129 2804 1208 2879 quo,

126 2912 250 2983 magna
270 2891 351 2962 lieet
371 2892 623 2984 spedeiectus,
644 2891 716 2962 Deo
736 2890 865 2983 gratias
886 2902 1004 2969 tecum
1028 2905 1122 3002 ago)
1145 2917 1211 2982 tna

124 3013 249 3086 domus
270 3012 374 3085 limen
394 3013 576 3086 incolumis
596 3011 753 3087 tenebas.
775 3013 869 3088 Vale.

264 3167 427 3241 Mediolani,
443 3167 483 3225 111
497 3168 559 3227 Kal.
575 3169 704 3243 Augusti.
