2670 4688
488 632 666 700 esistunt
690 634 770 696 xvii.

315 801 509 852 Fuluctscus
532 800 699 851 rnrsssscu
720 800 764 849 Ab
785 797 937 849 tsuotuu.

130 957 211 1023 Quod
225 969 331 1026 mcum
345 968 429 1009 suum
443 953 607 1008 custodem
621 968 779 1024 sanumque
794 953 933 1009 remiserit
947 952 1050 1023 gratius
1063 952 1133 1022 agit:

370 1049 398 1099 et
412 1043 577 1115 patientiam
591 1043 621 1099 in
635 1044 762 1101 adversis
776 1045 885 1101 suadet.

187 1299 308 1393 Equus
325 1320 427 1371 meus
446 1300 601 1372 stabulis.
613 1299 682 1371 tuis
703 1305 826 1392 pastus
850 1297 898 1370 ad
918 1319 974 1370 me
995 1298 1097 1370 rediit
1115 1318 1173 1369 so-

90 1422 149 1492 lito
175 1423 332 1515 vegetior
347 1422 657 1516 atquelascivior:
689 1421 736 1493 ita
768 1442 875 1514 quem
909 1422 1042 1493 iessum
1067 1431 1173 1513 atque

90 1563 225 1633 regrum
242 1543 470 1615 recreandum
492 1541 758 1634 sanandumque
775 1562 1001 1634 susceperas,
1021 1540 1173 1614 uberiori

90 1663 308 1756 indulgentia
324 1665 505 1757 saginasti.
526 1664 634 1737 Multa
655 1663 712 1734 ille
732 1663 890 1735 dicturus
907 1664 954 1735 de
975 1677 1008 1735 te
1029 1664 1059 1734 si
1079 1664 1172 1756 loqui

89 1795 219 1880 posset,
240 1809 334 1858 nunc
354 1785 594 1859 liberalitatem
616 1798 711 1858 tuam
731 1789 844 1858 ironte
865 1796 1028 1870 testatur,
1056 1807 1098 1858 ac
1120 1797 1173 1857 ta-

89 1909 179 1979 citus
199 1911 326 1980 clamat
349 1911 517 2004 optimum
544 1931 583 1982 se
607 1921 642 1981 et
670 1911 810 2002 qualem
840 1930 981 2001 semper
1014 1920 1173 2003 optasset

91 2030 261 2123 hospitem
289 2029 467 2105 babuisse.
494 2032 599 2104 Venit
624 2050 744 2103 secum
780 2039 837 2102 tua
870 2030 916 2102 de
946 2030 1172 2102 successibus

90 2155 178 2226 meis
198 2175 308 2248 parva
327 2155 470 2248 quidem
491 2155 556 2228 sed
576 2177 661 2228 vere
682 2156 802 2247 gravis
822 2155 980 2248 epistola,
997 2155 1097 2227 cuius
1116 2168 1173 2229 est

90 2275 150 2348 illa
170 2298 399 2370 summaque
420 2278 713 2370 praeclarissimus
729 2277 859 2351 ducum
872 2277 1058 2352 Africanus
1078 2278 1171 2374 apud

89 2397 227 2470 Livium
258 2419 359 2482 usus,
381 2400 502 2481 omnia,
531 2399 652 2490 inquit,
674 2422 747 2488 quo
779 2403 908 2490 opimio
938 2402 1082 2471 subr'octc
1107 2422 1173 2470 esse

93 2521 184 2591 mille
204 2523 331 2590 caetus
349 2524 426 2591 scio.
448 2518 588 2592 Sciebat
604 2521 662 2591 ille
683 2519 789 2592 rebus
806 2521 843 2592 in
863 2523 1026 2592 maximis
1045 2544 1173 2613 exper-

91 2655 170 2713 tus:
198 2642 330 2712 scimus
349 2652 385 2712 et
402 2662 466 2713 nos
486 2644 547 2735 qui
568 2642 720 2737 idipsum
743 2641 887 2714 assidue
914 2640 1020 2713 rebus
1042 2643 1120 2713 licet
1138 2642 1172 2711 in

89 2763 281 2837 levioribus
308 2765 521 2858 experimur.
556 2766 715 2837 Dicerem
734 2764 831 2857 quud
864 2765 981 2855 magni
1006 2765 1173 2836 dixerunt

89 2890 176 2960 viri:
202 2886 297 2959 Fotis
323 2889 469 2977 spinter,
505 2890 706 2973 etiterum,
740 2887 829 2959 Fcis
860 2898 981 2977 repunt
1004 2888 1170 2957 homines:

88 3023 124 3082 et
153 3012 237 3083 illud
268 3013 446 3085 Mantuani
479 3015 594 3084 sotis:
627 3014 818 3083 inevitabile
849 3015 972 3102 sotum,
1007 3010 1075 3081 nisi
1093 3010 1175 3082 Fati

90 3153 216 3202 nomen
238 3147 437 3227 suspectum
460 3144 557 3206 esset
577 3132 671 3227 apud
696 3146 852 3207 nostros:
874 3135 936 3206 sed
963 3144 1057 3205 certo
1078 3133 1173 3225 quod

88 3253 163 3323 dixi
177 3254 286 3324 satius
298 3257 425 3327 dicitur
442 3256 604 3326 Fortunae
622 3266 773 3325 rotamur
793 3258 943 3347 imperim
969 3278 1074 3348 quam
1093 3256 1172 3326 licet

89 3377 183 3471 apud
205 3376 384 3467 Virgilium
406 3379 519 3469 ipsum
534 3381 658 3470 legam,
677 3380 949 3471 omnipotentem
965 3379 1087 3450 dicere·
1102 3398 1171 3449 oon

89 3499 217 3581 audeo,
243 3499 374 3568 cumin
397 3500 519 3571 litteris
538 3502 648 3571 sacris
665 3522 734 3572 non
755 3499 823 3572 uisi
846 3522 937 3571 unus
955 3501 1001 3572 sit
1017 3501 1171 3592 omnipo

90 3636 181 3705 tens;
202 3621 480 3713 multipotentem
500 3621 638 3694 dixisse
658 3609 727 3695 non
748 3644 891 3695 vereor:
914 3642 1012 3715 saepe
1031 3621 1170 3715 quidem

90 3745 226 3816 iolirma
240 3745 466 3816 consiliorum
487 3756 688 3817 nostrorum
714 3748 809 3817 ecies
832 3745 925 3817 illius
951 3744 1171 3817 adamantina

92 3868 261 3939 soliditate
285 3867 491 3938 retunditur.
527 3868 721 3939 Parendum
757 3867 883 3952 rebus,
905 3867 1170 3960 obsequendum

92 3992 253 4082 tempori,
284 3990 480 4062 cedendum
520 3988 746 4072 necessitati,
787 3991 952 4083 patientia
988 3991 1169 4064 durandus

93 4111 352 4205 armandosque
365 4114 503 4185 animus
520 4111 745 4186 meditatione
758 4114 935 4199 continua,
951 4125 986 4185 et
1005 4114 1056 4186 sic
1073 4115 1170 4185 iusti-
