2670 4688
518 345 671 395 errsronu
695 345 777 392 nuru.
1120 334 1176 392 tut

106 509 196 570 rum,
217 508 286 556 non
299 487 330 558 si
341 486 442 559 simul
460 485 555 558 orbis
574 499 666 559 totus
688 486 945 559 succumberet:
968 489 1073 560 flesse
1086 490 1179 559 enim

105 606 151 676 ad
180 609 371 681 satietatem
392 621 428 679 et
446 607 616 702 quidquid
648 620 744 682 esset
772 602 805 678 in
840 611 956 719 animo
986 610 1176 700 gemituum

104 730 325 822 perfluxisse.
352 732 424 804 Hoc
453 732 598 804 remedii
615 754 743 823 genere
764 733 839 826 ipse
858 754 1010 815 mecum,
1031 743 1179 823 cogente

105 851 208 944 impia
229 852 387 937 Fortuna,
410 874 505 946 saepe
524 863 645 949 postea
667 875 753 925 usus
789 876 881 926 sum.
905 854 1013 925 Cuius
1035 852 1083 924 rei
1105 854 1181 945 epi-

106 976 193 1045 stola
213 976 392 1066 superiore
418 975 537 1047 brevis
561 989 617 1049 est
642 975 780 1048 mentio.
802 976 846 1045 Et
866 977 952 1048 heu!
977 977 1047 1045 fata
1068 975 1181 1045 homi-

106 1118 203 1179 num,
239 1097 314 1168 sive
347 1120 417 1189 quo
445 1099 514 1169 aiio
544 1098 790 1192 opportuniore
820 1098 991 1170 vocabulo
1026 1096 1181 1168 lubricus

105 1228 216 1288 status
237 1219 320 1289 vitae
353 1222 508 1291 mortalis
539 1221 763 1313 exprimitur!
797 1221 891 1292 idem
925 1222 995 1303 ille,
1025 1220 1081 1290 oni
1115 1220 1182 1290 hoc

105 1333 240 1425 scripsi,
272 1336 327 1404 vir
359 1336 682 1409 verecundissimus
714 1349 818 1430 atque
845 1339 997 1429 optimus
1025 1357 1181 1429 vereque

104 1452 283 1544 pacificus,
304 1457 397 1548 quod
419 1480 610 1550 cognomen
630 1460 855 1554 spondet,cui
868 1482 936 1551 ego
957 1481 1027 1532 non
1048 1470 1086 1529 ut
1106 1459 1180 1528 suis

102 1575 197 1647 Maro
214 1577 458 1672 sempiternam
473 1581 598 1652 famam
611 1604 717 1675 quam
735 1603 804 1653 non
825 1580 948 1664 habeo,
973 1580 1036 1653 sed
1054 1602 1181 1652 nomen

104 1697 137 1797 in
157 1702 313 1792 epistolis
334 1704 435 1788 meis,
452 1703 595 1796 posthac
606 1702 767 1776 crebrum
783 1702 1084 1798 promisi,repente
1101 1713 1181 1794 post

102 1824 254 1894 moriens
276 1823 340 1895 hau
358 1846 415 1895 me
427 1847 532 1917 quam
551 1799 713 1896 libentius
728 1825 927 1918 implessem
948 1824 1180 1917 promissione

102 1944 273 2029 liberavit,
296 1946 477 2038 effecitque
499 1959 536 2018 ut
554 1945 598 2018 de
618 1947 676 2020 illo
693 1950 803 2019 multa
821 1947 964 2041 quidem
986 1946 1082 2040 loqui
1099 1968 1180 2039 pos-

102 2087 189 2152 sem,
208 2067 255 2137 iili
276 2090 361 2140 vero
383 2068 448 2140 iar'n
470 2069 623 2142 scribere
644 2070 691 2140 nil
712 2070 876 2162 amplins3
892 2078 998 2162 utque
1012 2093 1054 2141 eo
1067 2091 1181 2141 reme·

101 2187 172 2273 dio,
194 2212 266 2283 quo
283 2189 350 2261 sibi
368 2214 423 2262 me
441 2192 475 2261 in
492 2191 569 2262 aliis
587 2214 689 2263 nsum
703 2190 790 2276 dixi,
810 2214 892 2265 mox
911 2193 945 2264 in
961 2193 1084 2264 eodem
1103 2192 1180 2286 ipso

103 2322 234 2394 uterer,
255 2315 356 2384 cuius
379 2324 488 2385 morte
508 2326 545 2386 et
565 2337 628 2386 nos
649 2314 761 2386 emico
781 2316 925 2407 optimo,
952 2325 988 2386 et
1013 2312 1179 2385 Patavina

102 2431 186 2501 urbs
199 2432 275 2502 cive
288 2432 431 2523 egregio
450 2433 596 2525 spoliata
607 2436 758 2519 est.Qno
776 2437 894 2505 nescio
908 2457 951 2504 an
969 2445 1005 2504 et
1022 2432 1178 2503 moribus

101 2553 226 2624 clarior
245 2564 281 2623 et
294 2552 362 2624 fide
375 2555 593 2645 conspectior
611 2557 666 2626 sui
684 2555 1040 2646 ordinisalterpatriae
1055 2573 1179 2646 super·

102 2671 156 2742 sit.
176 2672 289 2745 Grave
314 2676 553 2767 hoc:gravius
584 2677 800 2770 muitoqnod
828 2676 1002 2768 sequitur;
1028 2677 1177 2746 amicum

100 2799 202 2886 paulo
222 2808 302 2869 ante
324 2797 556 2890 perdideram,
577 2802 716 2892 qualem
737 2809 859 2871 nostro
876 2798 1019 2883 saecuto,
1041 2798 1178 2869 nisime

99 2919 184 2990 fallit
200 2921 399 3002 aestimatio,
427 2944 529 2993 nemo
559 2922 692 3005 habuit,
728 2924 763 2994 in
791 2936 1083 3016 quotoquoque
1107 2944 1177 2993 nou

100 3040 272 3116 modicum
294 3044 485 3139 perdidisti.
506 3047 544 3117 in
570 3046 636 3118 hoc
657 3068 743 3139 ergo
769 3047 903 3139 largius
924 3070 1026 3140 quam
1056 3047 1089 3117 iu
1111 3045 1179 3117 alio

101 3171 170 3238 sere
192 3190 354 3259 unquam,
377 3169 434 3239 ilio
452 3190 528 3239 meo
550 3166 638 3238 tristi
659 3168 814 3240 remedio
845 3191 932 3241 usus
951 3191 1058 3240 eram.
1081 3169 1178 3240 Flevi

99 3287 245 3372 obitum;
266 3311 335 3360 non
352 3289 483 3383 pudeat
502 3292 618 3377 fateri,
640 3292 736 3383 quod
757 3291 883 3364 secisse
897 3313 966 3363 non
984 3290 1120 3385 puduit;
1143 3301 1179 3363 et

100 3411 263 3502 quoniam
284 3409 480 3483 delectabat
499 3433 538 3484 ac
551 3413 715 3507 proderat
726 3436 920 3488 exonerare
941 3415 1094 3487 animum
1117 3414 1178 3486 fle·

101 3543 153 3615 tu,
176 3531 240 3602 feci
259 3532 375 3603 omnia
399 3532 528 3624 quibus
553 3556 657 3626 qnam
675 3535 875 3607 necessario
892 3535 1045 3607 flendum
1064 3546 1176 3620 esset,

100 3657 207 3727 semel
227 3654 361 3739 flerem,
384 3659 504 3728 et'non
525 3637 667 3748 saepius,
681 3655 775 3748 quod
788 3654 865 3727 fieri
879 3679 948 3728 non
962 3665 1099 3751 poterat
1109 3655 1176 3727 nisi

99 3776 398 3851 abundantissime
419 3780 526 3849 semei
539 3777 932 3862 ssessem.Quamobrem
946 3777 1035 3850 inter
1047 3788 1177 3850 caetera

100 3900 201 3972 fletus
234 3902 472 3984 incitamenta,
497 3901 541 3972 ad
564 3901 771 3972 familiarem
796 3901 860 3972 viri
880 3900 974 3972 illius
994 3901 1176 3995 epistolam

100 4025 238 4117 scripsi,
260 4035 298 4096 ut
317 4022 463 4096 artificio
482 4044 645 4109 vacuam,
674 4024 724 4094 sic
751 4026 912 4095 refertam
934 4023 1026 4094 vivis
1048 4022 1176 4094 affecti-

99 4141 179 4230 bus,
200 4168 306 4240 quam
332 4158 368 4220 ct
393 4147 547 4221 scribens
568 4157 603 4220 ot
624 4146 784 4239 relegens
806 4145 902 4232 flevi,
924 4155 1092 4238 quantum
1115 4144 1176 4214 de-
