2670 4688
532 340 683 390 nrusroul
706 339 785 387 nxrv.
1134 322 1193 385 tao

126 487 265 572 invitos,
284 487 347 558 sed
367 494 514 576 urgente
535 484 618 555 bora
631 502 711 574 quae
725 482 769 552 ad
783 481 966 551 transitum
981 478 1191 572 rapidissimi

125 611 274 682 tluminis
296 611 363 678 iam
377 606 506 679 tardior
525 603 724 688 videbatur,
747 601 914 695 propositi
928 600 996 672 mei
1010 621 1190 683 summam,

123 746 158 804 et
179 733 222 804 ad
240 733 324 825 quid
343 730 531 812 venissem,
552 749 668 821 quove
681 729 745 799 iter
756 724 968 797 intenderem
982 723 1191 795 indicassem

127 855 198 938 tibi,
222 864 362 946 repente
383 851 512 924 tristior
531 861 566 922 et
585 871 674 944 pene
695 849 943 920 intermortuus
970 848 1077 918 orasti
1099 858 1135 918 ut
1154 847 1194 916 il-

125 979 191 1047 lam
214 974 272 1046 tibi
298 983 433 1047 noctem
459 973 593 1045 darem:
620 970 818 1043 adfuturum
836 970 927 1041 enim
950 970 1059 1040 Deum
1080 977 1116 1039 et
1132 969 1194 1040 ali-

125 1098 209 1189 quid
243 1098 383 1169 remedii
415 1096 709 1167 monstraturum?
739 1091 839 1176 Quod
868 1113 945 1163 cum
980 1091 1108 1184 pietate
1135 1104 1193 1163 tua

126 1220 239 1290 victus
252 1219 463 1300 annuissem,
475 1216 629 1288 meruisti
641 1226 694 1298 ut,
709 1215 870 1309 precibus
888 1214 991 1286 credo
1006 1215 1084 1299 tuis,
1099 1216 1192 1308 quod

126 1343 335 1414 Scholastica
353 1339 527 1433 quondam
553 1339 655 1432 virgo
676 1337 895 1409 sanctissima
915 1358 978 1432 pro
1007 1337 1193 1410 Benedieto

126 1467 228 1535 fratre
249 1462 452 1556 promeruit,
478 1462 601 1554 ingens
622 1474 657 1535 et
677 1460 838 1554 inopinus
855 1461 966 1532 imber
979 1460 1098 1547 adsuit,
1113 1484 1192 1534 cum

125 1597 195 1656 tota
216 1607 282 1655 non
303 1585 451 1677 pluisset
469 1593 603 1656 aestate.
631 1584 818 1669 Caeterum,
840 1585 922 1676 quia
943 1603 1007 1655 seu
1037 1584 1194 1656 taborum

125 1730 212 1779 usus
234 1729 296 1779 seu
314 1717 448 1779 naturae
459 1716 522 1791 est,
538 1706 624 1779 satis
637 1705 704 1778 iam
720 1717 839 1778 contra
851 1714 985 1790 ventos,
999 1708 1192 1798 etfulgura,

125 1840 160 1901 ot
176 1839 293 1912 aestus,
309 1839 344 1899 et
360 1829 495 1922 pluvias
516 1828 715 1900 induruisse
734 1827 864 1913 videor,
884 1828 943 1900 uni
960 1833 1048 1901 forte
1071 1849 1194 1902 cessu-

127 1975 185 2023 rns
206 1951 464 2046 impedimento,
486 1950 580 2044 quod
599 1951 665 2022 etsi
687 1949 852 2022 librorum
872 1973 961 2045 quos
990 1974 1125 2023 mecum
1144 1955 1194 2023 le-

125 2074 251 2147 rendos
260 2095 519 2167 assumpseram
533 2071 824 2164 amoretangebar
835 2095 876 2145 ae
890 2074 1194 2148 vehementissimo

124 2197 339 2284 retrahebar,
358 2207 437 2291 post
455 2221 511 2270 me
531 2208 644 2269 minen
665 2198 741 2268 illos
758 2194 932 2270 dimittere
949 2218 1018 2268 non
1038 2197 1191 2282 vetabar‚

123 2332 159 2390 ot
180 2331 313 2412 tergum
336 2320 538 2392 indomitum
565 2319 735 2389 imbribus
755 2320 849 2400 dare,
865 2320 1044 2393 obstaculo
1058 2320 1194 2393 interim

124 2441 289 2512 validiore
301 2441 469 2512 detineor.
489 2439 664 2533 Siquidem
678 2453 777 2512 nocte
798 2442 854 2513 illa
872 2443 1072 2535 priusquam
1093 2446 1195 2513 acol-

126 2562 243 2654 loquio
260 2573 318 2632 tuo
331 2562 366 2632 iu
379 2561 575 2634 cubiculum
589 2563 802 2645 transissem,
820 2585 938 2634 rumor
951 2563 996 2635 ad
1009 2585 1072 2635 nos
1085 2564 1197 2635 incre-

124 2679 239 2753 dibilis
268 2682 441 2776 pervenit,
475 2690 508 2754 te
540 2684 722 2775 gaudente,
751 2704 808 2754 me
828 2693 968 2775 propter
994 2683 1195 2756 miraculum

125 2803 237 2876 fictam
257 2828 279 2877 a
298 2813 332 2877 te
347 2803 497 2877 fabulam
518 2805 694 2898 opinante:
728 2805 793 2876 iter
821 2805 916 2898 quod
938 2802 1196 2879 destinaveram

123 2925 213 3000 bello
232 2929 393 3012 fractum,
419 2929 516 3022 quod
544 2950 608 3000 nec
640 2938 760 3000 nostra
796 2950 947 3021 nuquam
967 2952 1196 3003 necaverum

124 3060 319 3122 nostrorum
341 3063 427 3124 aetas
446 3051 637 3125 adiuveret.
672 3052 737 3136 Qui
764 3073 841 3124 cum
864 3075 965 3124 mane
981 3053 1196 3146 percrebuis-

125 3180 177 3242 set
197 3182 335 3258 auctuS,
358 3172 497 3247 substiti
513 3184 617 3266 atque
642 3174 697 3245 bis
723 3177 838 3247 causis
859 3176 894 3246 in
915 3200 1024 3248 unum
1043 3177 1197 3249 coeunti-

124 3294 191 3366 bus
211 3296 368 3367 ellectum
386 3307 454 3380 est,
473 3308 512 3368 ut
532 3297 622 3369 sicut
638 3295 720 3368 olim
733 3296 788 3390 pia
803 3318 901 3370 soror
922 3299 1032 3370 noctis
1047 3301 1194 3394 spatium

123 3421 283 3489 fraternae
304 3441 424 3503 morae,
445 3421 495 3491 sic
510 3430 546 3492 tu
563 3422 641 3513 pius
663 3429 762 3514 pater
778 3441 886 3492 morae
913 3442 1001 3493 meae
1018 3444 1126 3517 prope
1145 3425 1196 3492 in·

125 3551 260 3632 tegrum
277 3540 357 3610 anni
388 3550 522 3637 tempus
549 3542 771 3634 adiungeres:
806 3543 863 3614 oui
890 3552 997 3615 totum
1027 3542 1196 3636 quidquid

125 3664 230 3734 idest
249 3663 332 3734 vitae
353 3663 523 3756 reliquum
550 3664 738 3757 adiungere
772 3666 960 3757 potuisses,
980 3675 1017 3736 ut
1038 3687 1104 3737 non
1121 3687 1141 3736 a
1161 3675 1195 3737 te

127 3785 236 3877 magis
256 3805 398 3880 corpore
417 3791 521 3879 quam
554 3798 668 3860 mente
693 3781 885 3860 divellerer.
913 3786 982 3858 Sed
1001 3787 1095 3879 quod
1114 3796 1194 3859 tnnc

126 3907 312 3999 nequivisti
344 3931 435 3979 nuno
456 3910 597 4001 implere
619 3909 762 4000 satagis,
785 3909 890 4001 idque
916 3907 1116 3994 nonverbo,
1137 3910 1193 3982 cui

127 4038 239 4100 tamen
256 4031 334 4105 fidei
355 4032 540 4126 plurimum
561 4030 704 4116 inesset,
721 4033 784 4104 sed
804 4032 859 4102 bis
877 4053 957 4124 quae
978 4032 1112 4104 mentiri
1133 4055 1192 4104 ne-

128 4151 240 4224 sciunt
257 4157 359 4228 rebus
388 4157 524 4251 probas.
555 4157 663 4230 Taces
685 4156 900 4250 tequidem,
924 4157 986 4230 sed
1002 4160 1112 4252 pietas
1134 4171 1192 4230 tua
