2670 4688
180 277 239 339 248
519 285 560 334 nn
582 285 682 335 nunus
703 284 924 334 enuntiamus

182 435 274 508 oanni
295 454 401 527 opere
421 429 637 521 consilioque
656 439 691 500 et
715 426 905 499 verborum
927 429 1076 500 stimulis
1105 433 1273 503 attollere

139 579 142 583 ·
181 568 349 650 coeperat,
381 552 600 633 familiariter,
626 559 662 622 ut
687 549 852 632 solebam,
882 549 1039 622 scribens
1060 550 1096 620 in
1116 552 1273 644 epistola

181 680 349 773 quadam,
368 697 448 770 quae
469 695 534 770 pro
556 675 688 745 ratione
707 673 873 765 temporis
888 674 922 743 in
937 673 1049 765 prima
1064 674 1141 743 acie
1157 686 1269 755 stans.

182 804 301 896 procul
322 801 411 871 banc
432 798 545 892 praeit,
569 796 718 886 ingenue
736 797 915 887 protessus
937 816 1014 864 sum
1036 796 1195 887 coepisse
1214 818 1272 868 me

182 925 249 995 iam
273 931 355 992 tunc
374 920 518 991 orientis
542 919 626 988 vitae
651 919 768 1009 lugam
796 939 1008 1008 cursumque
1035 938 1270 1008 cognoscere.

182 1047 280 1118 Nunc
300 1053 414 1114 autem
437 1043 541 1111 miror
566 1038 728 1132 quidem,
750 1038 811 1110 scd
832 1042 950 1122 fateor,
972 1061 1098 1109 verum
1127 1040 1269 1134 scripsi.

182 1167 283 1249 Quod
305 1166 335 1236 si
356 1165 412 1233 illa
429 1172 533 1232 aetate
551 1183 674 1232 verum
691 1161 768 1244 luit,
787 1160 872 1252 quid
885 1183 976 1230 nunc
991 1169 1109 1252 putas,
1123 1161 1271 1253 quaudo

182 1288 277 1382 quod
309 1282 561 1380 praesagiebam
592 1282 736 1353 accidit?
761 1282 845 1351 Erat
871 1282 905 1350 in
931 1281 1041 1352 oculis
1070 1282 1157 1350 rnibi
1180 1293 1270 1352 aetas

182 1407 426 1482 florentissima
459 1407 647 1495 lumenque
680 1405 834 1475 iuventae
870 1424 1102 1496 purpureum,
1144 1413 1186 1475 ut
1222 1405 1272 1474 ait

183 1534 287 1602 Maro.
309 1527 378 1599 Sed
399 1525 557 1616 legebam
580 1526 673 1619 apud
693 1527 871 1598 Flaccum:

342 1725 493 1802 insperata
509 1729 572 1784 tuae
589 1737 661 1783 cum
677 1723 780 1784 veniet
795 1722 898 1800 pluma
915 1723 1082 1802 superbiae,

341 1822 391 1896 Et,
409 1836 478 1898 quaa
495 1835 575 1881 nunc
592 1819 730 1881 humeris
748 1821 922 1896 incolitant,
938 1821 1112 1884 deciderint
1129 1836 1247 1901 come,

343 1918 428 1981 Nunc
446 1923 475 1979 et
492 1917 545 1997 qui
561 1917 644 1979 color
661 1925 706 1980 est
722 1919 860 1998 puniceae
877 1920 954 1981 tlore
969 1918 1056 1997 prior
1073 1934 1157 1982 rosae

343 2015 487 2090 Mutatus,
504 2015 689 2092 Ligurinum
705 2016 737 2077 in
754 2016 863 2077 taciem
881 2014 1013 2076 verterit
1029 2014 1206 2094 hispidam:

343 2113 444 2176 ilices:
464 2114 525 2175 beu
543 2113 695 2192 (quotiens
709 2120 739 2175 te
756 2113 786 2175 in
804 2113 926 2191 speculo
945 2113 1063 2177 videris
1079 2114 1232 2194 alterum)

344 2207 418 2281 Qua
436 2225 524 2271 mens
541 2215 586 2270 est
602 2209 708 2284 bodie,
726 2226 782 2272 cur
799 2212 904 2274 eadem
922 2227 982 2273 noo
998 2226 1094 2290 puero
1112 2211 1198 2277 tuit?

344 2305 398 2369 Vel
414 2322 470 2369 cur
486 2306 534 2370 his
550 2305 661 2370 animis
679 2306 846 2371 incolumes
862 2325 921 2370 non
939 2308 1067 2372 redeunt
1083 2310 1195 2387 aanor

190 2485 366 2578 [regebam
388 2489 482 2586 apud
502 2490 608 2563 alium
626 2490 839 2585 Satyricum:

548 2679 681 2743 Festinat
697 2680 780 2742 euim
796 2680 962 2743 decurrere
981 2680 1071 2745 velox

346 2776 501 2841 Flosculus
518 2782 653 2854 anguste
673 2777 858 2852 miseraeque
875 2768 1058 2841 brevissima
1076 2778 1151 2842 vitae

348 2871 467 2946 Portio;
486 2873 560 2934 dum
576 2872 727 2945 bibimus,
744 2870 818 2932 dum
836 2878 933 2948 serta,
951 2880 1122 2952 unguenta,
1139 2877 1259 2956 puellas

348 2967 521 3043 Poscimus,
539 2968 660 3047 obrepit
676 2984 736 3031 uon
753 2968 901 3032 intellecta
918 2979 1068 3035 senectus.

194 3120 277 3189 llaec
296 3114 406 3188 ethis
427 3114 552 3184 similia
578 3113 755 3205 legebam,
790 3136 858 3187 non
892 3130 930 3188 ut
963 3141 1039 3191 mos
1072 3124 1190 3194 aetatis
1217 3137 1273 3197 est

191 3242 282 3312 illius
304 3238 367 3311 soli
388 3237 525 3309 inhians
545 3238 783 3326 grammaticae
816 3252 851 3312 et
886 3242 1073 3314 verborum
1105 3245 1268 3331 artificio,

192 3363 255 3433 sed
275 3364 392 3434 nescio
418 3359 501 3454 quid
527 3359 619 3429 aliud
646 3359 713 3430 illic
745 3361 903 3435 abditum
938 3365 1147 3457 intelligens,
1174 3370 1274 3462 quod

191 3507 260 3554 non
295 3486 397 3556 modo
430 3483 668 3579 condiscipuli,
699 3483 761 3554 sed
786 3508 851 3555 noo
877 3490 1043 3577 magister
1064 3491 1273 3576 attenderet,

191 3607 419 3699 primitiarum
441 3608 519 3676 licet
539 3606 664 3676 artium
690 3607 814 3676 doctus
841 3608 905 3677 vir.
933 3609 1126 3680 Audiebam
1150 3613 1275 3684 divino

191 3730 395 3799 clamantem
418 3751 478 3801 ore
496 3728 701 3819 Virgilium:

353 3893 473 3971 Optima
491 3908 621 3971 quaeque
636 3894 702 3955 dios
718 3894 842 3956 miseris
858 3896 1037 3962 mortalibus
1054 3901 1113 3962 aevi

352 3988 454 4050 Prima
470 3990 561 4067 lugit,
580 3990 709 4052 subcunt
725 3991 841 4066 morbi,
861 3993 1018 4069 tristisque
1036 4005 1190 4076 senectus,

355 4089 392 4150 Et
409 4087 503 4164 labor,
521 4095 551 4150 et
566 4091 652 4153 (lurae
670 4090 748 4169 rapit
764 4089 952 4153 inclementia
971 4096 1088 4158 mortis.
