2670 4688
269 302 361 353 stulto
387 298 892 352 vtcnslllusuttluus.-ntlsuott
912 300 962 348 XV.
1096 281 1153 349 109

80 443 141 513 tibi
162 439 421 513 adolescentulo
441 437 575 529 primus
598 434 793 507 studiorum
815 436 890 507 dux
909 445 945 508 et
965 439 1074 530 prima
1095 441 1155 509 sax

77 565 192 634 fuerit.
215 563 310 633 Iuste
329 558 485 653 quidem,
508 568 622 649 grate,
648 559 865 642 memoriter,
887 569 934 641 et,
958 569 996 629 ut
1016 560 1184 654 proprie*

77 684 209 768 dicam,
232 686 298 776 pie.
327 682 363 755 Si
387 684 479 753 enim
506 678 722 772 genitoribus
748 700 931 772 corporum
957 692 1156 756 nostrorum

79 806 208 890 omnia,
231 807 262 877 si
281 810 498 876 fortunarum
520 800 720 873 auctoribus
740 803 849 873 multa
866 801 1050 887 debemus,
1072 802 1157 896 quid

80 949 149 999 non
169 928 387 1019 ingeniorum
406 922 607 1017 parentibus
624 944 664 994 ac
682 923 927 995 formatoribus
946 923 1158 996 debeamus?

80 1050 217 1135 Quanto
238 1049 330 1120 enim
352 1047 476 1117 melius
496 1045 540 1116 de
559 1044 661 1116 nobis
681 1046 797 1116 meriti
823 1045 893 1116 sint
917 1046 977 1138 qni
1003 1045 1157 1116 animum

79 1184 238 1244 nostrum
260 1172 458 1252 excoluere,
479 1190 584 1262 quam
602 1170 660 1261 qui
677 1187 821 1260 corpus,
840 1167 1000 1260 quisquis
1018 1169 1159 1260 utrique

80 1295 210 1367 iustum
233 1293 381 1387 pretium
402 1293 510 1385 ponit,
534 1290 714 1382 intelliget,
736 1301 772 1361 et
792 1293 938 1363 alterum
964 1291 1159 1362 immortale

79 1437 222 1499 munus,
256 1418 402 1487 alterum
435 1414 607 1486 caducum
639 1422 675 1486 et
703 1414 848 1484 mortale
880 1411 1054 1485 fatebitur.
1082 1413 1160 1505 Age

81 1558 179 1630 ergo,
194 1560 262 1610 non
276 1539 428 1630 patiente
449 1536 513 1607 sed
532 1536 671 1607 favente
688 1558 753 1621 me,
772 1538 864 1608 illam
886 1536 1013 1628 ingenii
1035 1537 1086 1608 tui
1110 1539 1127 1608 l
1147 1579 1162 1590 -

82 1681 171 1745 cem,
199 1681 280 1751 qnae
305 1658 367 1730 tibi
393 1661 427 1730 in
453 1659 520 1732 hoc
544 1660 630 1732 calle
662 1680 732 1750 qno
765 1660 903 1751 magnis
929 1659 1094 1751 passibus
1115 1658 1160 1731 ad

83 1783 314 1854 clarissimum
336 1780 441 1853 finem
462 1783 590 1875 pergis,
615 1782 776 1854 ardorem
796 1781 947 1875 praebuit
966 1805 1008 1854 ao
1029 1783 1160 1867 lucem,

84 1903 223 1976 celebra
242 1914 278 1975 et
298 1905 386 1991 cole,
409 1905 636 1997 ventosisque
652 1905 712 1976 diu
730 1904 829 1996 vulgi
849 1904 1030 1998 plausibus
1052 1904 1163 1995 agita-

85 2038 173 2111 tam,
195 2037 301 2121 atque
333 2038 372 2098 ot
403 2029 455 2098 sic
487 2027 638 2099 dixerim
664 2028 860 2120 fatigatam,
884 2026 1022 2098 taudem
1044 2026 1161 2110 veriS,

84 2162 188 2243 toque
210 2171 320 2243 seque
339 2149 455 2241 dignis
476 2147 639 2221 laudibus
660 2148 705 2221 ad
729 2151 855 2221 ooelom
882 2150 946 2219 ser:
973 2148 1009 2218 in
1035 2147 1164 2242 quibos
1241 2144 1246 2153 ’

86 2275 203 2342 omnia
223 2274 439 2363 placuerunt.
460 2271 547 2342 Nam
564 2284 599 2344 et
615 2271 672 2343 ille
691 2272 820 2364 dignus
838 2271 905 2343 boo
922 2271 1110 2365 praeconio,
1129 2280 1164 2341 et

84 2404 137 2478 tu,
159 2402 199 2463 nt
218 2393 285 2474 ais,
308 2392 390 2460 huic
410 2391 523 2460 officio
543 2390 731 2462 obnoxius:
751 2391 900 2482 ideoque
916 2413 1056 2462 carmen
1078 2390 1164 2462 illud

85 2527 185 2584 tuum
207 2509 439 2581 laudatorium
460 2511 665 2601 amplector,
692 2521 728 2579 et
752 2511 931 2610 laudatum
959 2512 1028 2582 illic
1047 2520 1164 2581 vatem

86 2635 163 2724 ipse
188 2649 329 2721 quoque
361 2627 529 2698 collaudo.
552 2629 591 2697 ln
615 2629 839 2698 excusatoria
872 2640 988 2699 autem
1019 2630 1166 2722 epistola

87 2749 173 2822 nihil
193 2762 247 2823 est
262 2773 333 2843 quo
350 2772 507 2835 movear,
527 2751 594 2822 nisi
611 2751 706 2843 quod
722 2772 845 2845 parum
864 2752 927 2821 tibi
944 2774 1037 2823 nunc
1058 2752 1165 2823 etiam

87 2885 192 2948 notus
213 2875 295 2961 sim,
317 2875 374 2946 cni
394 2896 450 2945 me
470 2877 571 2967 plane
592 2874 810 2946 notissimum
838 2872 1044 2947 arbitrabar.
1071 2877 1167 2967 Ergo

88 3017 155 3089 ego
175 3000 346 3069 clarorum
375 2997 553 3068 hominum
580 2995 743 3069 laudibus
768 3019 838 3069 non
863 2996 1030 3080 delecter,
1059 2998 1167 3067 immo

88 3127 125 3189 et
145 3120 296 3209 glorier?
317 3118 427 3192 Crede
447 3120 553 3190 milri:
574 3119 658 3191 nihil
680 3142 701 3190 a
718 3141 774 3191 mo
794 3121 945 3213 longius,
967 3122 1061 3190 nulla
1082 3117 1167 3187 mihi

88 3240 200 3335 pestis
226 3242 375 3331 ignotior
400 3242 530 3314 invidia
562 3256 631 3326 est;
665 3244 749 3336 quin
782 3244 899 3334 potius
933 3240 1028 3337 (vide
1060 3260 1167 3332 quam

88 3366 209 3458 procul
229 3363 311 3434 inde
332 3362 456 3456 absim)
478 3377 704 3437 scrutatorem
727 3367 895 3437 mentium
914 3367 1026 3436 Deum
1046 3372 1166 3447 testor,

87 3488 151 3556 vix
173 3508 229 3556 mc
247 3485 340 3554 aliud
357 3485 392 3553 iu
409 3486 481 3555 vita
499 3487 644 3576 gravius
662 3487 750 3581 pati,
769 3509 873 3578 quam
892 3485 986 3578 quod
1004 3484 1169 3556 beneme-

88 3607 174 3678 ritos
204 3617 239 3677 et
268 3607 391 3697 gloriae
420 3617 455 3677 et
484 3608 618 3698 praemii
639 3609 752 3679 omnis
773 3619 937 3701 expertes
959 3606 1076 3677 video:
1099 3627 1168 3677 non

89 3726 186 3820 quod
218 3738 278 3798 aut
312 3727 392 3797 hino
424 3727 590 3798 damnum
623 3728 698 3819 ipse
731 3729 907 3821 proprium
941 3749 1084 3818 querar,
1109 3739 1171 3799 aut

90 3851 264 3922 contrario
298 3852 432 3920 lucrum
467 3869 619 3942 sperem,
648 3848 711 3918 sed
735 3848 908 3942 publicam
936 3859 1064 3919 sortem
1087 3847 1167 3934 ileo,

90 3971 136 4042 ad
155 3970 343 4046 obscoenas
365 3983 458 4043 artos
481 3971 709 4042 honestarum
733 3971 875 4064 praemia
896 3971 1061 4041 translata
1088 3993 1171 4043 con-

89 4092 250 4185 spiciens.
273 4094 346 4167 Etsi
368 4116 437 4168 non
462 4093 526 4167 sim
549 4094 704 4176 nescius,
727 4092 822 4184 quod
849 4093 1010 4184 quamvis
1031 4095 1172 4164 morito-
