2670 4688
165 244 203 304 iz
503 252 545 300 ue
566 252 666 300 uanus
686 250 909 305 ωιωωιέ

165 390 294 459 dicium
317 390 373 457 vel
395 398 452 459 tna
474 409 552 458 sors
572 387 720 479 appulit,
739 396 939 457 constanter
959 388 1146 466 inbaereas,
1172 408 1243 461 neu

165 510 320 603 quotidie
340 532 432 582 nora
455 510 537 580 vitae
556 510 700 580 consilia
720 507 869 579 ordiare.
889 507 945 578 Nil
965 510 1101 602 turpius
1119 509 1243 580 viatori

166 656 271 725 quam
290 634 425 705 nescire
441 655 512 726 qno
528 632 661 704 tendat:
680 633 729 703 nil
746 633 823 702 tiro
839 634 976 725 turpius
987 655 1093 726 quam
1110 634 1245 704 nescire

167 756 251 848 quid
267 757 359 826 velit.
374 755 615 848 Nequidquam
630 759 708 826 vela
719 754 844 826 leceris
856 754 1244 846 gubernaculoamisso.

169 875 237 946 ibis
256 885 349 948 enlm
369 899 441 970 quo
467 892 501 949 tc
522 901 590 949 non
611 879 699 949 ratio
725 879 855 957 tulerit,
877 879 941 949 sed
965 880 1112 951 fortuna.
1137 874 1246 946 Nobis

169 998 277 1072 lixum
298 1024 318 1073 a
346 1002 513 1094 principio
544 997 648 1069 debet
672 1021 754 1069 esse
780 1021 852 1090 quo
878 1001 1057 1090 pervenire
1082 1000 1245 1079 velimus,

169 1146 212 1194 ne
224 1124 347 1195 crebra
368 1124 558 1192 mutatione
577 1120 758 1212 propositi,
776 1119 873 1211 quod
889 1119 925 1188 in
944 1133 1112 1195 nocturno
1127 1139 1247 1192 errore

170 1244 238 1311 riae
251 1237 390 1319 accidit,
404 1236 487 1306 dum
503 1234 692 1327 procedere
708 1235 895 1320 credimus,
914 1251 1142 1311 revertamur.
1159 1237 1249 1321 Quae

172 1384 228 1433 res
248 1361 328 1433 lacit
353 1372 391 1429 ut
416 1369 521 1429 aetate
545 1356 744 1448 decrepitos
770 1358 960 1448 puerilibus
979 1364 1104 1433 animis
1129 1359 1250 1432 ridea-

172 1503 262 1564 mus,
282 1482 383 1572 quasi
404 1479 447 1551 ad
469 1481 583 1572 ipsum
603 1479 685 1549 vitae
705 1480 810 1549 limen
829 1482 919 1553 unde
937 1485 1175 1556 discesserant
1195 1502 1249 1551 re-

174 1622 309 1685 versos,
335 1613 372 1671 et
396 1624 554 1673 errorum
579 1602 735 1673 tenebris
755 1603 873 1675 elusos
890 1620 925 1679 et
944 1609 1168 1680 consiliorum
1191 1625 1253 1674 ra-

174 1725 229 1817 gis
249 1721 465 1795 anfractibus
485 1724 658 1815 fatigatos.
684 1723 800 1794 Multis
819 1747 885 1818 ego
904 1753 965 1824 per
986 1732 1056 1802 bos
1082 1748 1193 1801 annos
1218 1739 1254 1797 tc

174 1847 461 1922 deliberationum
475 1844 638 1918 lluctibue
652 1844 825 1933 iactatum,
843 1863 878 1922 et
894 1855 1034 1928 incertis
1051 1853 1254 1946 opinionum

175 1971 317 2044 batibus
342 1973 475 2044 fossum
500 1969 584 2041 vidi.
611 1971 727 2062 incipe
745 1969 834 2042 bona
860 1972 947 2063 lide,
974 1998 1118 2071 precor,
1145 1995 1255 2045 unum

176 2098 278 2167 velle.
299 2095 385 2166 Cum
412 2092 456 2166 ad
479 2116 586 2166 unum
613 2094 694 2164 litus
715 2114 850 2186 proram
871 2090 1035 2185 verteris,
1064 2101 1125 2170 uni
1150 2104 1257 2166 vento

96 2223 97 2226 ’
179 2221 259 2291 vela
292 2216 447 2301 dederis,
474 2217 611 2290 clarum
645 2237 790 2308 regens,
817 2228 888 2291 tum
913 2223 1054 2296 demum
1080 2220 1259 2310 navigatio

182 2353 276 2413 certa
297 2340 374 2423 erit,
393 2352 466 2412 tum
487 2351 581 2412 certe
598 2336 831 2431 progrediere,
849 2354 883 2413 et
902 2346 931 2416 si
952 2370 1021 2419 non
1041 2350 1132 2417 lorte
1149 2362 1261 2433 quan÷

179 2476 251 2536 tum
270 2465 402 2559 cupies,
417 2477 453 2538 at
465 2475 633 2559 quantum
647 2459 786 2533 celitus
798 2462 915 2538 datum
928 2472 1002 2555 erit,
1017 2464 1257 2564 progrediere,

180 2589 335 2680 inquam,
351 2609 419 2660 uon
434 2585 603 2659 rotabero.
621 2582 712 2657 Nihil
734 2591 789 2654 est
802 2587 892 2659 enim
914 2601 982 2662 tam
1000 2588 1110 2685 quieti
1133 2585 1261 2658 adver-

182 2731 273 2791 sum,
301 2711 384 2779 nibil
416 2721 485 2780 tam
511 2708 674 2802 vertigini
703 2706 900 2798 proximum
928 2736 1033 2804 quam
1061 2709 1180 2784 rotari.
1207 2704 1262 2775 Ad

182 2850 352 2898 euuunam
371 2828 415 2899 dc
436 2829 491 2900 bic
508 2831 673 2903 omuibus
695 2829 773 2899 baeo
790 2815 957 2904 sententia
975 2857 1055 2905 mea
1074 2846 1152 2905 est:
1173 2831 1263 2901 sicut

184 2951 272 3019 inter
294 2949 421 3041 primos
440 2953 643 3037 maximum,
666 2954 756 3023 inter
774 2954 945 3024 secundos
962 2955 1173 3026 excelluisse
1190 2972 1264 3022 ma-

184 3092 290 3156 gnum
306 3070 378 3154 luit,
398 3070 448 3139 sic
466 3074 680 3166 temporibus
693 3072 836 3155 collatis,
853 3074 938 3145 inter
952 3079 1072 3148 tertios
1089 3077 1264 3147 excellere

186 3215 253 3263 ocu
279 3213 464 3281 exiguum,
493 3216 556 3265 acc
582 3195 763 3286 indignum
789 3197 891 3269 laude
922 3198 1049 3283 iudioO,
1080 3198 1183 3269 modo
1209 3196 1265 3265 bic

186 3315 230 3387 rit
251 3313 387 3384 aniruur
409 3313 599 3397 studentis,
622 3316 679 3387 hic
700 3317 869 3388 terminus
896 3320 1103 3405 studiorum,
1129 3333 1167 3392 ut
1192 3316 1264 3390 voti

187 3458 327 3533 rorupor
339 3437 494 3519 allectus,
514 3460 580 3507 non
597 3442 709 3509 cultor
726 3441 900 3533 nequitiae,
919 3464 987 3511 uon
1006 3442 1265 3514 mendaciorum

188 3575 297 3643 rator,
322 3582 387 3630 non
407 3559 562 3651 pecuniae
583 3571 778 3644 acervatur,
802 3570 839 3631 ut
859 3563 997 3654 reliqui,
1022 3563 1085 3634 sed
1104 3564 1267 3636 defensor

191 3683 330 3754 institiae
351 3693 385 3751 et
413 3678 610 3774 reipublicae
628 3693 876 3774 propugnator,
896 3683 957 3754 sed
983 3683 1136 3755 audaciae
1157 3699 1268 3756 terror

191 3807 436 3879 tulrorutorum
463 3817 497 3875 rt
522 3804 672 3876 iudicum
703 3804 860 3875 avaritiae
886 3807 1036 3888 irenam,
1063 3815 1182 3898 portus
1207 3806 1268 3876 do·

195 3933 295 4024 uiqun
319 3933 540 4008 niirororum,
562 3937 597 3996 et
618 3930 782 4022 scopulos
805 3928 853 3999 sis
875 3929 1082 3999 nocentium.
1104 3931 1197 4000 Vale.

339 4064 495 4121 birriiuittltt.
515 4060 544 4114 V.
564 4059 701 4115 liulrrulae
717 4060 796 4115 iunii.
