2834 5086
599 306 751 356 mussona
773 307 813 355 vr.
1182 293 1236 352 all

162 450 387 547 praebendam
414 471 513 522 suam
539 449 701 542 quaedam
729 448 795 519 sibi
820 449 952 519 maiora
986 449 1157 540 pollicitus
1188 450 1240 520 in-

163 576 277 658 duxit,
299 573 402 645 etita
422 597 482 668 per
504 595 628 644 manus
652 572 783 643 domini
801 572 936 664 Legati,
958 572 1146 643 assistente
1167 575 1249 666 epi-v

165 713 270 790 scopo
301 696 478 779 Paduano‚
501 709 536 766 et
556 694 687 787 grande
713 695 795 765 mihi
822 694 925 764 nimis
951 705 1055 786 atque
1084 694 1240 766 humeris

164 820 252 889 meis
275 816 489 889 intolerabile
511 816 745 889 testimonium
767 816 986 909 perhibente,
1016 815 1240 910 praebendam

165 939 278 1034 ipsam
302 938 432 1011 Paduae
451 939 595 1022 obtinui,
620 961 769 1032 cumque
795 939 926 1029 ingenti
953 939 1058 1009 totius
1084 937 1242 1009 ecclesias

47 1135 49 1138 Α
166 1062 286 1134 laetitia
303 1063 561 1154 possessionem
580 1061 656 1131 eius
676 1081 752 1130 sum
772 1058 913 1152 pacifice
930 1071 1168 1152 consequutus
1186 1059 1243 1131 die

168 1183 303 1257 sabbati
326 1195 403 1277 post
422 1185 566 1255 Pascha.
586 1186 631 1253 Et
653 1182 726 1253 haec
746 1182 791 1253 de
818 1193 887 1253 lota
908 1182 963 1251 illa
983 1180 1128 1252 materia
1149 1180 1244 1252 diota

169 1303 256 1390 sint,
282 1305 426 1403 reliquis
449 1304 611 1375 omuibus
645 1305 678 1373 in
709 1314 846 1398 tempus
877 1302 987 1385 aliud,
1015 1313 1064 1386 et,
1094 1304 1124 1372 si
1151 1304 1243 1375 Deus

169 1427 341 1510 annuerit,
364 1429 458 1499 vivas
479 1427 575 1497 vocis
595 1428 736 1497 oraculo
754 1425 955 1497 reservatis.

268 1550 399 1621 Verum
418 1549 501 1641 quia
521 1548 606 1618 nihil
630 1570 678 1618 ex
705 1550 798 1619 omni
824 1558 922 1643 parte
948 1548 1031 1617 lelix
1058 1557 1119 1618 aut
1143 1547 1245 1619 duloe

169 1672 252 1744 dum
274 1672 440 1754 vivimus,
462 1670 646 1763 omnisque
665 1670 813 1741 dulcedo
834 1670 984 1740 hominis
1012 1669 1130 1740 multis
1151 1691 1246 1740 ama-

170 1792 379 1865 ritudinibus
406 1813 568 1884 respersa
593 1803 660 1876 est,
688 1792 734 1863 ita
760 1792 845 1862 mibi
871 1792 1009 1875 accidit,
1035 1802 1073 1862 ut
1096 1792 1180 1863 dum
1204 1813 1247 1863 eo

171 1935 211 1985 ao
228 1913 343 1997 redeo,
362 1914 664 2006 exoptatissimum
684 1913 767 1982 mibi
785 1925 881 1984 tuum
901 1924 935 1983 et
952 1913 1120 1985 Mainardi
1139 1912 1248 1984 nostri

171 2037 380 2130 colloquium
393 2048 694 2132 conspectumque,
704 2056 785 2105 care
797 2036 912 2120 frater,
923 2036 1111 2106 amiserim.
1128 2036 1248 2126 ltaque

172 2161 275 2232 laetus
297 2161 332 2229 in
354 2160 475 2232 itinere
496 2159 588 2254 (quis
609 2157 817 2249 crederet‘l),
843 2157 878 2228 in
899 2158 1003 2229 domo
1028 2157 1167 2251 propria
1189 2159 1249 2230 tri·

173 2283 235 2352 stis
255 2281 305 2353 lui
325 2281 543 2374 comperiens
569 2303 632 2351 vos
665 2281 733 2350 illic
757 2281 867 2352 luisse
894 2282 962 2353 mei
990 2281 1130 2353 videndi
1156 2282 1250 2354 desi-

172 2403 281 2486 derio,
318 2403 491 2493 superatis
523 2399 668 2491 Alpibus
697 2409 803 2490 atque
835 2403 928 2470 omni
956 2403 1091 2473 viarum
1117 2402 1250 2492 asperi-

172 2536 243 2596 tate
262 2524 407 2606 oaloata,
431 2520 568 2593 tandem
589 2543 645 2589 me
666 2518 699 2588 in
721 2522 831 2612 patria
854 2543 922 2590 non
947 2521 1100 2604 invento,
1123 2543 1250 2612 magna

173 2645 272 2714 velut
290 2663 353 2736 spe
373 2643 570 2722 frustratos,
592 2639 750 2711 dolentes
776 2663 816 2711 ao
842 2641 993 2712 solicitos
1014 2641 1155 2712 abiisse.
1182 2643 1251 2713 Vix

137 2772 140 2777 '
174 2786 259 2835 vere
280 2764 439 2834 lacrimas
456 2761 607 2833 continui
629 2762 706 2833 haeo
727 2785 748 2834 a
766 2762 855 2834 meis
872 2763 1010 2834 famulis
1032 2765 1194 2849 audieus,
1215 2775 1252 2836 et

174 2888 323 2969 litteras,
346 2907 434 2979 quas
460 2893 625 2977 tanquam
651 2886 793 2958 eximiae
822 2885 1015 2958 dilectionis
1047 2885 1191 2958 obsides
1215 2887 1251 2958 in

175 3007 383 3079 bibliotheca
408 3027 486 3077 mea
515 3005 726 3078 dimiseratis
756 3006 939 3092 abeuntes,
962 3009 1125 3100 relegens
1146 3018 1251 3100 atque

176 3128 402 3200 considerans
419 3126 629 3219 cogitabam,
651 3141 753 3199 etex
774 3152 828 3199 me
850 3131 926 3224 ipso
948 3132 982 3200 iu
1002 3151 1045 3202 eo
1071 3140 1164 3202 statu
1191 3152 1252 3204 ve·

177 3256 271 3320 stros
290 3251 425 3320 animos
446 3247 624 3319 metiebar.
648 3249 823 3340 Siquidem
850 3272 977 3343 aspera
1005 3253 1038 3320 in
1073 3254 1250 3325 meliorem

178 3381 310 3465 partem
338 3370 476 3440 flectere
503 3370 673 3462 sapientis
696 3381 765 3452 est,
792 3374 946 3464 cogitare
980 3376 1069 3469 ooepi
1103 3378 1252 3446 tortasse

178 3492 256 3562 haeo
284 3488 385 3560 vobis
410 3488 577 3561 divinitus
604 3491 783 3562 accidisse.
806 3493 981 3585 Siquidem
1005 3518 1075 3580 me,
1100 3507 1136 3566 nt
1154 3507 1254 3588 opta-

178 3611 281 3696 batis,
303 3609 426 3692 inviso,
449 3607 547 3679 tacito
567 3621 703 3702 poterat
721 3620 866 3705 uterque
893 3626 1048 3686 vestrum
1075 3616 1174 3687 amici
1200 3619 1255 3687 vi-

180 3733 276 3804 sione
292 3741 485 3812 oontentus
509 3729 591 3799 nibil
614 3740 673 3801 aut
695 3733 866 3805 modicum
887 3733 932 3805 de
954 3737 1070 3807 reditu
1089 3739 1252 3828 cogitare.

178 3853 279 3925 Nunc
299 3874 384 3924 vern
406 3873 473 3922 nou
493 3854 605 3923 solum
626 3874 706 3924 oum
731 3855 855 3926 eadem
887 3879 957 3949 qua
982 3861 1157 3931 veneratis
1180 3860 1252 3947 siti,

181 3974 245 4045 sed
277 3984 312 4044 et
344 3974 517 4068 ampliori,
538 3985 574 4045 et
594 3997 656 4067 per
676 3976 778 4046 amici
799 3976 1007 4061 absentiam,
1031 3988 1069 4049 ut
1088 4002 1254 4072 auguror,

180 4093 313 4166 irritata
333 4094 497 4186 digressi,
519 4094 580 4168 fiet
602 4097 698 4189 quod
717 4096 858 4169 assidue
880 4098 924 4170 de
945 4100 1057 4171 reditu
1077 4101 1254 4193 cogitetis,
