2670 4688
482 544 659 608 EPISTOLA
686 545 776 607 xtttt.

243 745 436 795 ruttuctscus
458 747 624 795 Purutuct
646 744 863 795 uuututttuuto
886 746 912 794 S.
935 746 963 794 P.
985 746 1015 794 tt.

147 914 236 982 Rogat
249 919 281 967 ut
294 914 427 969 Senatum
442 915 611 986 Reipublicae
634 916 745 971 Venetae
769 915 885 973 suadeat
897 916 1069 972 bibliotheca
1085 933 1142 972 sure

460 1004 565 1059 donum
580 1011 691 1078 accepto
704 1006 817 1062 habere.

199 1241 333 1328 Omnis
368 1255 406 1315 nt
437 1243 597 1330 arbitror,
634 1246 725 1318 inter
757 1267 821 1318 nos
856 1247 1049 1339 gratiarum
1087 1248 1177 1320 actio

100 1364 266 1458 deinceps
287 1387 505 1458 supervacua
526 1378 590 1440 est.
616 1370 667 1441 Eo
696 1368 788 1440 enim
815 1369 976 1440 amicitiae
1001 1357 1178 1462 progressi

102 1508 240 1571 sumus,
269 1497 307 1558 ut
329 1487 424 1580 quod
443 1487 527 1558 mibi
548 1490 633 1560 tacis
655 1487 715 1559 tibi
737 1489 853 1562 iacias.
881 1490 1007 1582 Egisse
1033 1501 1066 1562 te
1091 1491 1179 1562 meis

102 1609 134 1677 in
155 1610 269 1693 rebus,
287 1631 368 1703 qnae
391 1619 473 1680 suut
493 1618 572 1695 tuae,
594 1611 689 1704 quod
710 1613 745 1682 in
766 1612 914 1705 propriis
943 1633 1068 1704 ageres
1090 1613 1177 1696 scio,

100 1744 134 1804 et
162 1735 321 1805 fortassis
347 1754 390 1804 eo
415 1734 564 1828 amplius
594 1757 665 1828 quo
698 1757 870 1826 generosa
899 1734 1069 1806 mensad
1093 1734 1180 1805 ami-

102 1856 192 1926 citiae
225 1876 352 1926 nomen
384 1856 488 1927 altius
521 1857 720 1949 expergisci
752 1868 787 1930 et
821 1857 970 1929 stimulis
1004 1855 1180 1928 ardentio·

100 1976 198 2048 ribus
224 1977 279 2068 agi
311 1980 410 2050 solet.
442 1981 490 2050 De
510 1992 639 2050 eventu
661 1978 789 2051 viderit
822 2002 890 2050 non
912 1979 1084 2062 Fortuna,
1116 1976 1180 2048 sed

101 2101 263 2171 Fortunae
283 2101 450 2173 Dominus
470 2123 531 2194 qut
558 2101 641 2171 mihi
672 2103 765 2174 hunc
800 2101 929 2195 tibique
963 2102 1057 2171 ilium
1083 2097 1180 2172 dedit

103 2222 273 2304 animum,
288 2231 327 2294 ut
343 2233 378 2293 et
398 2222 465 2294 hoc
484 2244 550 2314 ego
568 2208 658 2296 veile
675 2223 873 2317 inciperem,
891 2235 927 2295 et
945 2232 982 2294 tu
999 2223 1095 2316 pium
1116 2221 1181 2292 hoc

103 2345 320 2436 propositum
342 2343 553 2427 adiuvares3
574 2346 670 2436 quod
691 2347 720 2414 si
740 2356 858 2439 optato
880 2344 1097 2424 successerit,
1115 2345 1181 2413 erit

105 2467 137 2532 ni
160 2467 266 2548 fallor,
287 2464 348 2535 tibi
365 2487 406 2535 ac
424 2468 571 2559 posteris
589 2479 728 2559 tuaeque
748 2466 960 2559 reipublicae,
981 2489 1049 2536 non
1071 2464 1181 2535 audeo

105 2587 220 2658 dicere
241 2586 447 2677 gloriosum,
470 2587 533 2658 sed
554 2609 677 2658 secure
703 2586 851 2658 dixerim
875 2588 919 2658 ad
940 2587 1083 2678 gloriam
1111 2585 1180 2656 via.

107 2711 223 2780 Multae
244 2709 346 2793 enim,
364 2731 501 2801 magnae
522 2718 558 2781 et
578 2712 758 2802 praeciarae
771 2731 829 2781 res
842 2733 888 2780 ex
906 2732 973 2780 non
993 2707 1181 2780 maioribus

107 2833 211 2903 initiis
233 2833 404 2926 prodiere.
426 2831 509 2902 Mihi
530 2831 692 2925 equidem
712 2832 814 2905 bonae
830 2833 1017 2904 voluntatis
1035 2829 1182 2903 candida

106 2964 142 3025 et
162 2954 277 3025 illimis
297 2953 508 3026 conscientia
518 2955 615 3025 ‘satis
635 2965 702 3035 est.
724 2976 806 3047 quae
832 2975 870 3026 se
896 2956 1025 3026 utinam
1055 2966 1184 3044 tempe-

109 3078 235 3147 stivius
255 3078 453 3160 obtulisset,
475 3077 558 3149 dum
583 3076 714 3149 scilieet
740 3078 854 3149 anima
880 3077 936 3148 itta
963 3074 1182 3146 sanctissima

109 3222 265 3273 summae.
289 3223 405 3272 rerum
441 3208 604 3293 praeerat,
625 3220 707 3291 quae
727 3209 895 3291 quantum
917 3199 997 3269 binc
1017 3199 1181 3290 gavisura

107 3322 210 3395 suerit
245 3322 317 3415 ipse
347 3322 406 3414 qui
439 3344 515 3393 eam
543 3325 645 3414 piane
671 3343 775 3392 noras
807 3323 954 3393 aestima.
989 3322 1090 3392 Certe
1116 3341 1182 3411 ego
1282 3418 1284 3423 Ι

106 3447 199 3516 iiiam
222 3466 313 3514 nunc
338 3444 382 3514 de
407 3446 494 3515 caelo
520 3443 674 3534 gaudere
696 3466 801 3537 super
823 3445 877 3514 his
902 3463 982 3537 quae
1004 3443 1181 3516 internos
1291 3475 1292 3478 ¹

106 3577 274 3660 aguntur,
297 3577 332 3636 et
352 3565 401 3636 rei
422 3550 555 3635 exitum
577 3558 765 3659 expectare
794 3565 891 3660 (quid
915 3563 1085 3658 loquor‘?)‚
1113 3563 1182 3634 imo

107 3712 191 3760 vero
210 3689 277 3759 iant
294 3699 504 3781 praesentem
524 3698 681 3780 spectare
700 3710 767 3758 non
782 3711 859 3759 sum
873 3688 1003 3759 dubius
1023 3710 1092 3758 non
1112 3699 1180 3758 tant

105 3831 207 3903 aequo
229 3813 290 3883 sed
315 3813 394 3880 lanto
416 3809 531 3880 animo
552 3810 733 3893 terentem,
755 3811 951 3904 quodcum
973 3809 1039 3881 sibi
1060 3829 1181 3880 omnes

106 3933 244 4007 virtutis
264 3947 299 4006 et
319 3934 441 4026 gloriae
467 3932 585 4004 titulos
616 3933 648 4002 in
677 3937 803 4005 coelum
825 3937 962 4005 auferre
982 3934 1177 4026 contigerit,

105 4065 271 4145 quantum
299 4058 416 4129 nescio
451 4077 494 4127 an
529 4057 589 4126 ulii
627 4078 778 4148 unquam
799 4057 1009 4128 Venetorum
1032 4057 1176 4137 Ducitur,
