2670 4688
183 219 221 278 58
515 228 556 277 ua
576 229 676 278 annos
696 228 919 278 ruurnramaus

182 368 243 438 leci
264 375 300 436 et
319 366 425 437 multa
452 366 601 446 coercui,
623 387 702 456 quae
714 365 831 435 forsan
852 367 885 435 in
912 375 1087 457 posterum
1108 362 1257 447 delebo,

181 496 298 562 forsan
324 488 444 559 vivere
468 489 579 581 patiar
612 498 649 559 nt
673 510 752 560 oum
785 487 866 561 binc
889 485 1008 560 abiero
1037 509 1083 556 ex
1112 486 1261 558 insidiis

180 621 373 707 erumpant,
393 634 517 706 meque
536 611 746 706 discipulum
763 613 920 684 veritatis
941 612 1092 684 indicent
1111 611 1177 683 sed
1193 633 1261 683 oo·

180 737 318 818 cultum,
339 746 479 830 propter
498 746 627 808 metum
649 735 855 809 ludaeorum.
878 736 965 821 Quis
981 744 1098 809 aulem
1118 736 1187 804 scit
1206 757 1257 807 an

180 870 280 932 otest
293 861 429 932 animus
443 860 627 953 indignans
641 881 707 931 neo
720 861 894 930 larvarum
909 869 1080 942 metuens,
1094 859 1171 950 ipse
1184 878 1258 950 ego

178 1004 334 1078 praesens
351 984 416 1056 iter
432 984 554 1055 faciam
571 982 712 1077 prodire
730 981 952 1054 volentibus?
962 980 1032 1053 &d
1047 979 1190 1052 omissis
1205 979 1257 1052 de

178 1105 306 1199 quibus
327 1107 410 1177 mibi
433 1105 603 1175 sententia
621 1102 774 1176 nondum
796 1114 878 1188 stat,
897 1102 943 1174 de
965 1124 1020 1173 me
1041 1101 1092 1173 sio
1111 1100 1254 1187 habeto,

176 1227 259 1298 nibil
284 1228 395 1318 magis
422 1237 519 1296 tuum
547 1224 621 1297 fieri
642 1248 745 1319 posse
770 1247 875 1318 quam
900 1247 967 1318 ego
992 1246 1082 1297 sum.
1108 1224 1257 1297 Memini

176 1372 267 1421 anno
287 1351 406 1431 altero,
419 1345 502 1417 dum
517 1348 670 1420 iniuncta
689 1350 734 1421 ad
754 1349 999 1442 Imperatorem
1021 1357 1180 1419 nostrum
1202 1349 1258 1420 le-

176 1471 315 1562 gatione
327 1471 501 1561 fungerer,
515 1469 687 1541 hominem
701 1471 924 1564 peregrinum
938 1469 1000 1541 vix
1018 1474 1092 1542 solo
1108 1471 1258 1545 nomine

176 1594 368 1683 cognitum,
390 1616 459 1686 qua
484 1614 539 1663 me
564 1595 781 1687 fronteque
805 1596 935 1681 animo,
961 1595 1090 1689 quibus
1116 1593 1254 1680 verbis,

175 1726 305 1808 quanta
330 1714 543 1787 humanitate
567 1717 781 1787 devinxeris.
814 1716 935 1791 Recole
961 1739 1064 1811 quam
1092 1718 1256 1791 suaviter

175 1837 259 1909 mibi
279 1836 363 1909 illud
384 1837 571 1909 identidem
598 1837 817 1911 inculcabas:
839 1842 1031 1935 eompatior
1055 1838 1117 1909 tibi
1137 1842 1256 1915 amice

174 1962 233 2057 qui
254 1961 299 2033 ad
318 1960 485 2033 barbaros
508 1962 643 2034 venisti.
670 1961 745 2062 Ego
766 1982 851 2033 vero
872 1960 954 2032 nibil
975 1959 1161 2033 barbarum
1186 1964 1257 2036 mi-

175 2105 241 2154 uus
261 2083 345 2154 nihil
370 2083 558 2156 humanum
585 2083 696 2177 magis
716 2082 881 2177 profiteor
905 2104 963 2153 me
982 2083 1116 2155 vidisse
1140 2105 1253 2175 qnam

66 2212 68 2214 ’
175 2206 361 2289 Caesarem,
380 2217 415 2277 et
435 2207 565 2299 aliquot
583 2208 673 2278 circa
693 2228 773 2278 eom
796 2225 950 2277 summos
971 2206 1076 2288 viros
1097 2226 1254 2298 quorum

175 2326 278 2399 modo
309 2328 505 2401 nominibus
535 2330 684 2402 scienter
708 2327 889 2401 abstineo:
922 2348 1078 2399 summos
1104 2328 1252 2420 inquam

174 2449 269 2522 viros
286 2461 323 2523 et
338 2450 493 2543 insignes
510 2451 636 2545 dignos
657 2452 781 2525 maiori
798 2450 978 2525 memoria:
998 2449 1091 2542 quod
1108 2449 1154 2521 ad
1172 2449 1254 2525 baec

173 2574 295 2645 attinet
313 2572 452 2646 abunde
476 2575 577 2647 mites
597 2585 633 2647 et
652 2573 808 2649 affabiles
832 2576 929 2647 velut
949 2571 979 2645 si
1001 2569 1148 2642 Athenis
1168 2571 1254 2645 atti-

173 2696 223 2768 ois
243 2698 315 2770 uati
332 2706 462 2769 essent.
483 2697 578 2770 Vale.

311 2840 468 2912 Mediolani,
482 2840 532 2897 ΙΙΙ.
549 2841 687 2899 Kalendas
701 2840 796 2897 blaias.

675 3067 751 3078 -ι

598 3283 774 3351 EPlsrota
795 3285 825 3347 ll.

188 3460 379 3511 ruanctscos
397 3458 563 3511 Pounnata
578 3457 712 3508 tonabat
728 3454 879 3506 briscono
896 3456 1086 3506 OLllb'TlEllSl
1101 3456 1128 3505 S.
1147 3456 1175 3503 Ρ.
1194 3457 1226 3505 D.

224 3619 266 3673 ob
278 3620 337 3673 eius
351 3616 569 3673 benevolentiam
584 3621 612 3670 ot
626 3621 768 3687 acceptum
783 3614 817 3668 ab
832 3631 865 3669 eo
879 3616 1008 3687 diploma,
1025 3632 1080 3686 quo
1095 3630 1187 3669 comes

289 3707 364 3760 Sacri
379 3705 476 3761 Palatii
490 3703 677 3771 renunciatur,
693 3718 778 3775 qnam
792 3704 924 3759 maximas
938 3702 1040 3774 gratias
1053 3703 1117 3773 agit.

267 3926 308 3996 Ni
329 3928 403 3999 luce
429 3928 555 4001 clarius
576 3925 762 4016 intelligam
789 3925 998 4017 videamque
1016 3924 1098 4017 quid
1117 3925 1161 3996 de
1182 3948 1240 3997 me

172 4052 310 4132 sentias,
329 4062 362 4120 nt
381 4054 526 4142 qualiter
543 4053 592 4124 sis
613 4047 764 4130 allectae,
784 4048 885 4121 valde
902 4068 970 4119 non
988 4048 1116 4121 saulus
1133 4048 1238 4120 modo
