2670 4688
165 284 225 346 ⁹236
508 294 549 342 oa
572 292 672 341 nunus
694 290 917 339 aautttaatuus

165 437 324 510 dissimae
346 435 430 507 vitae
450 456 567 516 cursu,
591 432 748 505 moribus
774 443 810 504 et
836 433 976 524 iugenio
995 431 1151 527 probati,
1172 435 1264 508 meis

166 561 234 632 alte
266 557 470 652 praeponitis
507 555 724 628 insederunt.
763 556 883 626 Restat
917 567 954 627 ut
985 565 1019 626 te
1046 574 1193 649 proper,
1219 579 1265 629 ue

166 681 250 751 mihi
271 681 380 752 auxio
401 688 530 750 statum
549 690 646 751 tumn
665 678 760 749 sinas
780 677 1006 768 incognitum,
1024 687 1063 747 et
1078 700 1126 748 an
1145 690 1264 750 morte

167 802 263 896 regis
290 814 403 875 tecum
428 800 560 893 aliquid
584 804 722 871 fortuna
749 800 960 892 patraverit:
985 821 1094 891 quem
1123 801 1262 873 utinam

169 935 207 997 ut
222 924 268 997 ad
285 947 432 1017 reguum
450 923 503 996 sio
518 922 564 995 ad
583 922 697 1014 negias
717 922 863 992 virtutes
881 922 1038 992 attollere
1057 924 1260 1014 potuisses:

168 1045 203 1118 iu
222 1068 303 1140 quo
316 1068 456 1129 vereor,
477 1068 522 1117 ue
544 1047 685 1116 multam
706 1065 774 1135 ego
793 1064 932 1136 operam
960 1041 1153 1117 scribendo
1179 1068 1263 1138 per-

168 1168 329 1253 diderim,
353 1180 388 1239 tu
412 1168 593 1260 loquendo.
626 1167 799 1261 Optimum
826 1163 974 1236 verbum
1000 1164 1068 1238 vini
1096 1168 1260 1259 pessimi,

170 1292 328 1363 uirtutem
359 1289 460 1359 verba
491 1310 559 1356 non
591 1286 725 1372 addere,
763 1287 859 1380 quod
897 1285 944 1357 ita
976 1286 1122 1359 demum
1163 1301 1262 1363 reete

169 1415 297 1489 dicitur
317 1414 347 1485 si
368 1411 462 1482 uuila
487 1431 634 1502 usquam
661 1409 836 1483 audientis
869 1409 904 1480 io
937 1410 1054 1481 animo
1087 1409 1137 1481 sit
1165 1414 1262 1484 scin·

171 1538 241 1608 titta
257 1555 363 1628 quam
382 1532 541 1602 suscites.
564 1531 634 1604 Oh!
666 1531 695 1603 si
718 1554 756 1604 so
778 1533 835 1603 itta
856 1534 925 1604 tois
945 1531 1088 1603 monitis
1105 1531 1260 1607 docitem

171 1657 380 1752 praebuisset
409 1654 470 1746 (da
504 1653 656 1738 veniam,
693 1668 795 1746 urget
826 1656 979 1728 animum
1007 1676 1049 1726 ac
1081 1656 1260 1729 calamum

170 1777 289 1872 dolor),
306 1779 458 1871 profecto
475 1776 607 1849 diutius
624 1776 785 1863 vixisset,
804 1778 938 1850 feticius
955 1775 1113 1864 obiisset,
1129 1800 1261 1851 nomen

170 1900 299 1974 otarius
317 1899 528 1993 reliquisset.
544 1900 642 1981 Vale,
663 1922 778 1972 meum
799 1899 907 1974 decus
928 1921 969 1972 ac
991 1900 1126 1993 patriae.

313 2055 434 2121 Patavii,
449 2054 497 2108 vt.
514 2054 580 2109 Idus
595 2053 677 2109 lunii.

676 2258 754 2269 ——

582 2483 761 2550 EPISTULA
782 2484 852 2547 XIX.

241 2655 435 2708 FRANCISGUS
456 2657 626 2709 tutatuta
647 2658 779 2709 tontum
802 2658 844 2707 DE
866 2656 1034 2706 causatus
1055 2657 1083 2706 S.
1105 2656 1135 2705 P.
1158 2659 1193 2709 tt.

257 2800 297 2857 De
312 2800 432 2873 (pandam
448 2803 622 2858 adolescente
637 2801 796 2856 Rauennate
812 2801 841 2856 in
856 2816 936 2855 suam
951 2800 1169 2859 familiaritatem

321 2903 419 2943 recens
432 2894 555 2960 accepto.
571 2889 611 2943 De
629 2888 791 2956 imitatione,
806 2893 834 2942 et
850 2887 939 2958 plagio
954 2889 1100 2944 litterario.

271 3125 373 3198 Auno
396 3135 523 3198 exacto
555 3138 635 3220 post
662 3123 857 3196 disoessum
881 3135 979 3197 tumn
1000 3148 1187 3218 generosae
1209 3132 1259 3201 in-

172 3248 263 3321 dotis
295 3249 501 3321 adolescens
534 3251 618 3321 mihi
652 3248 817 3341 contigit,
858 3272 962 3342 quem
1002 3249 1062 3320 tibi
1099 3249 1260 3342 ignotum

173 3371 288 3458 doleo,
310 3374 375 3444 etsi
397 3373 453 3443 iiie
478 3371 586 3466 probe
606 3383 641 3445 te
662 3373 813 3456 noverit,
840 3395 944 3464 quem
980 3393 1074 3467 saepe
1098 3373 1261 3445 Venetiis

174 3492 209 3560 iu
235 3492 340 3562 domo
366 3501 440 3575 tua,
467 3512 573 3583 qoam
600 3491 771 3576 inhabito,
805 3502 842 3564 et
873 3495 966 3588 apud
996 3496 1169 3564 Donatum
1195 3516 1261 3568 uo·

174 3627 284 3686 strum
308 3615 409 3699 vidit,
445 3625 552 3708 utque
585 3624 642 3685 est
671 3638 747 3687 mos
776 3616 891 3687 aetatis
921 3617 1024 3699 illiue,
1051 3614 1260 3689 observavit

174 3739 350 3809 attentius.
374 3738 418 3810 Ut
437 3760 523 3809 vero
543 3747 579 3809 et
599 3749 636 3808 tu
657 3739 753 3809 ilium
775 3739 869 3809 noris
890 3762 959 3832 qua
980 3740 1084 3810 datur
1100 3742 1256 3825 eminus,

173 3867 208 3924 ot
234 3856 266 3926 iu
295 3858 416 3931 titteris
443 3861 537 3930 ilium
564 3861 650 3932 meis
684 3862 824 3941 videas,
860 3874 957 3931 ortus
990 3874 1045 3932 est
1077 3858 1195 3932 adriae
1221 3862 1259 3931 iu

174 3976 273 4049 titouo
302 4002 343 4051 ea
377 3985 486 4054 ferme
519 3992 635 4068 (etate,
671 3985 1026 4074 nisiia110r‚quatu
1053 3982 1097 4051 ibi
1123 3982 1258 4075 agebas

174 4122 253 4172 cum
279 4104 422 4198 antiquo
447 4108 562 4201 plagae
590 4106 681 4181 taius
704 4105 847 4179 domiuo
876 4106 953 4178 eius
972 4125 1049 4188 avo,
1076 4107 1137 4197 qui
1162 4128 1260 4179 nuno
