2670 4688
284 268 378 318 tttttltt
400 268 723 326 vtcttstttusqc'nttttf&
738 269 939 317 -u't'tstutt
965 270 1015 315 tlt.
1154 256 1214 316 'littl

535 542 714 609 bristout
739 544 796 607 llll.

202 717 398 768 t'ttnttctsctts
418 716 551 765 ttuttbnu
572 715 678 765 GRdlAE
700 716 792 765 tttss
815 715 950 765 ltttttttttt’t
973 717 1129 767 SALUTEM.

122 856 285 929 Respondet
308 854 409 910 litteris
430 854 492 909 eius
516 853 628 909 nomine
647 853 700 908 sibi
718 854 826 908 missis:
852 853 940 908 multa
954 853 989 908 de
1003 855 1063 908 eius
1081 856 1212 927 operibus

211 960 282 1000 cura
292 949 321 998 et
332 942 460 1014 impensa
472 956 524 995 sua
535 940 620 995 latine
632 939 757 995 redditis.
770 941 810 995 De
825 957 876 996 suo
891 958 1043 1012 grecorum
1056 943 1211 998 litterarum

213 1031 325 1100 studio,
340 1031 432 1103 deque
455 1029 490 1084 iis
514 1028 563 1100 qui
576 1044 627 1101 per
641 1028 749 1084 Italiam
770 1035 836 1086 tunc
859 1030 991 1101 temporis
1009 1046 1057 1086 eae
1074 1032 1211 1087 colebant.

216 1122 336 1176 Excusat
358 1117 504 1188 Virgilium
529 1117 604 1189 quod
627 1117 734 1173 nullam
757 1118 818 1172 eius
843 1119 872 1172 in
900 1118 1015 1173 AEneide
1043 1119 1212 1175 mentionem

217 1207 326 1275 iecerit,
341 1221 462 1278 eumque
476 1221 563 1276 super
579 1205 696 1259 caeteris-
709 1206 743 1259 de
767 1205 869 1276 quibus
892 1207 1015 1278 scripsit,
1033 1206 1107 1262 bono
1121 1208 1213 1263 animi)

218 1313 279 1352 csso
292 1295 377 1352 iubet.

227 1533 362 1608 Dudum
370 1544 414 1607 -te
435 1534 567 1627 scripto
583 1532 712 1625 alloqui
730 1552 827 1604 meus
844 1534 973 1617 tuerat,
989 1546 1024 1604 et
1036 1533 1210 1615 iecissem,

126 1661 194 1731 nisi
215 1660 298 1752 quia
319 1658 450 1751 linguae
468 1653 717 1728 commercium
738 1674 809 1726 non
834 1664 919 1726 erat.
949 1655 1033 1727 Nam
1057 1678 1120 1727 nec
1145 1678 1213 1748 ego

126 1780 252 1874 graecis
275 1778 400 1851 titteris
417 1773 598 1849 discendis
617 1774 703 1846 satis
723 1775 822 1858 lelix,
837 1784 873 1846 et
886 1788 922 1846 tu
937 1774 1069 1859 latinas,
1084 1767 1213 1869 quibus

125 1901 209 1972 otim
230 1923 294 1996 per
308 1899 499 1993 scriptores
508 1908 649 1970 nostros
661 1895 802 1969 adiutus
816 1897 866 1968 uti
884 1897 1041 1981 solebas,
1061 1918 1213 1990 sequen-

128 2021 212 2093 tium
233 2019 446 2114 negligentia
465 2018 679 2092 dedidicisse
701 2018 878 2093 videbare.
903 2018 1070 2111 Utrinque
1090 2019 1213 2090 exclu-

126 2165 190 2217 sus
210 2144 465 2217 mnticuemm:
498 2162 589 2214 onus
622 2141 677 2212 vir
710 2151 830 2213 nostro
864 2149 897 2212 te
931 2142 1075 2212 latinum
1107 2142 1213 2213 saeclo

128 2265 274 2339 revehit.
289 2265 364 2338 Non
379 2264 498 2338 berete
515 2261 655 2335 avidius
676 2285 788 2358 neque
805 2263 936 2337 diutius
950 2265 1098 2362 Ulyxem
1112 2274 1211 2337 tuum

127 2409 192 2460 sua
211 2389 385 2482 Penelope
405 2387 608 2480 expectavit
636 2407 742 2478 quam
776 2408 844 2475 ogo
874 2399 916 2458 te.
953 2388 1092 2479 lamque
1127 2386 1212 2457 milri

129 2505 262 2580 sensim
282 2497 363 2600 spes
383 2505 524 2579 abibat:
547 2518 676 2602 praeter
696 2505 789 2575 euim
807 2505 939 2597 aliquot
959 2518 1098 2577 tuorum
1117 2507 1212 2600 prin-

127 2629 218 2722 cipia
239 2627 425 2712 librorum,
444 2627 478 2699 in
498 2627 630 2722 quibus
656 2627 755 2696 velut
778 2625 932 2715 exoptati
960 2624 1060 2694 amici
1088 2647 1213 2717 soper-

127 2751 244 2823 cilium
269 2752 389 2844 procul
423 2749 627 2842 ambiguum
648 2760 683 2821 ct
713 2748 838 2842 raptim
872 2745 1028 2831 vibrans,
1056 2768 1119 2819 seu
1145 2748 1209 2818 ttu-

129 2875 280 2946 otuantis
299 2895 412 2948 comae
440 2875 575 2968 apicem
600 2871 775 2954 intuebar,
797 2869 892 2943 latini
923 2871 1008 2942 nihil
1029 2869 1210 2964 obtigerat,

129 2997 211 3068 nibil
232 2996 384 3092 denique
403 2995 611 3093 sperabatur
633 2992 692 3067 ubi
713 3003 747 3067 te
764 2992 922 3067 cominus
949 2999 1209 3092 contemplarer.

128 3118 215 3188 Nam
236 3117 373 3190 libellus
394 3117 452 3190 ille
470 3119 580 3209 vulgo
604 3120 664 3210 qui
691 3130 772 3190 tuus
798 3119 922 3202 sertor,
950 3119 1016 3189 etsi
1041 3118 1141 3188 cuius
1167 3117 1213 3186 sit

131 3260 200 3312 non
212 3250 355 3325 conset
371 3240 432 3312 tibi
444 3251 634 3337 excerptus
650 3239 781 3335 tibique
794 3241 982 3335 inscriptus
998 3253 1078 3310 tuus
1093 3238 1211 3329 utique

130 3384 199 3433 nou
220 3370 284 3431 est.
305 3361 367 3432 Vir
386 3361 453 3434 iste
472 3363 502 3433 si
524 3364 669 3448 vixerit,
696 3374 804 3435 totum
829 3373 862 3435 te
881 3360 984 3432 nobis
1002 3358 1148 3432 reddet:
1173 3372 1210 3430 et

129 3487 196 3573 iam
219 3485 341 3576 coepit,
362 3494 486 3556 utnon
503 3485 607 3557 modo
623 3485 823 3558 divinorum
841 3485 954 3556 fructu
972 3502 1117 3576 operum
1134 3480 1210 3551 exi-

106 3609 214 3693 mio,
248 3607 311 3679 sed
346 3617 482 3678 tuarum
514 3631 654 3702 quoque
683 3610 1001 3681 confabulationum
1037 3602 1209 3675 illecebris

130 3735 359 3825 perfruamur.
381 3730 536 3816 Quarum
560 3733 662 3805 unius
682 3731 728 3804 ad
756 3754 810 3802 me
835 3752 946 3822 nuper
973 3727 1088 3799 latinis
1115 3731 1208 3800 vasis

130 3874 265 3944 graeous
287 3877 390 3949 sapor
411 3856 535 3926 allatus
558 3865 624 3926 est.
647 3856 685 3923 ln
714 3875 786 3945 quo
809 3854 908 3946 plane
933 3851 1026 3922 sensi
1052 3851 1206 3924 validum

128 3984 165 4052 et
184 3981 289 4051 velox
307 3979 482 4071 ingenium
501 3999 608 4074 posse
625 3974 751 4046 omnia.
774 3974 891 4064 ltaque
908 3972 1106 4045 Ciceronem
1128 3975 1207 4050 ticet

126 4101 323 4195 eloquentia
344 4124 408 4175 sua
429 4104 464 4174 in
484 4096 697 4174 carminibus
719 4095 936 4182 (institutum,
964 4108 998 4169 et
1026 4098 1203 4191 Virgilium
