2834 5086
24 694 29 773 p
152 722 155 728 ·
264 680 325 743 stt
485 692 652 744 rntncrscr
674 693 851 746 rsrntnos
873 692 1120 745 rssrtttsnrmr.

266 837 347 919 mei,
362 844 398 907 ut
412 842 560 905 caetera:
583 834 646 907 sed
666 834 733 907 hac
753 837 830 928 lege
850 836 946 930 quod
964 859 1028 908 neo
1048 859 1111 929 per
1129 857 1177 907 se.
1197 856 1261 908 nec
1283 859 1344 931 per

265 959 369 1029 alium
392 955 503 1050 possit
521 956 643 1027 horum
667 959 797 1051 aliquid
817 959 958 1031 alienari
980 959 1194 1042 venditione,
1208 959 1344 1030 autdo-

266 1079 417 1162 natione,
443 1088 504 1149 aut
528 1090 694 1171 perpetua
727 1076 988 1177 emphytheusi,
1025 1091 1085 1151 ant
1117 1080 1185 1153 alio
1215 1079 1344 1173 quovis

266 1200 380 1282 modo,
397 1222 460 1272 neo
471 1202 575 1271 etiam
599 1200 770 1292 pignorari
792 1201 964 1295 usquead
990 1205 1179 1295 completos
1198 1201 1263 1271 XX
1282 1221 1345 1271 an-

266 1344 331 1393 nos
350 1343 370 1392 a
388 1322 444 1393 die
465 1323 530 1392 mei
552 1321 670 1393 obitus
690 1323 942 1416 computandos
958 1350 965 1392 :
982 1325 1077 1416 qood
1093 1331 1236 1415 propter
1253 1318 1344 1392 utili-

268 1453 355 1516 tates
387 1446 498 1537 ipsius
519 1445 671 1516 ltaeredis
692 1445 815 1517 ordino
841 1445 900 1538 qui
926 1468 974 1519 ex
1007 1445 1198 1537 ignorantia
1227 1464 1344 1514 rerum

266 1566 335 1637 labi
358 1579 496 1658 posset3
517 1589 702 1660 quassum
725 1570 826 1660 plene
848 1568 984 1639 noverit
1003 1578 1087 1661 puto
1107 1589 1176 1639 non
1198 1566 1346 1638 libenter

266 1685 441 1759 alienabit.
1311 1685 1315 1691 ’

366 1810 401 1879 Si
422 1819 537 1881 autem
559 1813 661 1894 forte,
683 1811 765 1903 quia
786 1833 909 1882 omnes
932 1832 1054 1883 snmus
1076 1811 1254 1892 mortales,
1281 1829 1347 1879 nec

267 1932 407 2004 omnino
434 1934 524 2005 ullus
541 1943 597 2004 est
616 1934 703 2006 ordo
727 1933 913 2018 moriendi,
936 1932 1050 2029 dictos¹
1068 1932 1276 2002 Franciscos
1301 1929 1346 2001 de

266 2044 422 2125 Brosano
443 2054 549 2148 (quod
570 2067 707 2128 avertat
726 2056 833 2137 Deusl
854 2065 936 2126 ante
956 2077 1012 2125 me
1031 2065 1238 2138 moreretur,
1265 2061 1347 2125 tuno

267 2174 385 2249 haeres
412 2199 510 2249 mens
533 2189 609 2249 esto
628 2177 885 2249 Lombardusa
910 2175 1259 2268 Seriooprmdiotns,
1286 2177 1346 2268 qui

267 2301 371 2391 plene
389 2290 682 2372 animum'meum
703 2300 810 2379 novit.
838 2321 944 2392 quem
979 2306 1017 2369 ut
1048 2299 1083 2369 in
1113 2299 1186 2370 vita
1218 2296 1348 2370 fidelis-

269 2422 395 2496 simum
421 2433 591 2514 expertus
617 2445 704 2506 sum,
733 2444 801 2493 non
832 2423 950 2492 minus
975 2417 1112 2493 fidelem
1141 2441 1245 2512 spero
1270 2427 1349 2510 post
1397 2466 1401 2473 -

269 2541 412 2613 obitum.

367 2665 452 2733 Haeo
472 2664 549 2734 iore
574 2662 788 2746 testamenti,
817 2683 876 2734 seu
904 2660 1046 2734 alterius
1068 2659 1199 2733 nltimae
1224 2661 1349 2731 volun·

270 2783 350 2854 tatis
381 2804 444 2855 seu
474 2806 696 2878 quocumque
721 2786 788 2856 alio
814 2785 917 2859 modo
943 2785 1067 2857 melius
1093 2784 1240 2855 valitura
1267 2804 1349 2854 oon·

270 2906 393 2999 scripsi
425 2930 529 2980 manu
558 2909 697 3002 propria
723 2907 849 2978 Paduae
875 2907 909 2978 in
929 2906 1033 2978 domo
1058 2907 1216 2976 ecclesiae
1242 2925 1347 2997 quam

271 3026 388 3100 habito
408 3051 499 3103 anno
518 3031 653 3103 Domini
675 3029 890 3100 llCCCLXX.
912 3028 1023 3122 pridie
1039 3028 1156 3098 Nonas
1179 3025 1316 3118 Aprilis.

368 3152 412 3224 Et
431 3153 608 3225 Nieolaum
636 3151 743 3223 fllium
765 3151 940 3244 quondam
963 3174 1021 3224 ser
1040 3147 1285 3221 Bartholomaei
1306 3167 1349 3218 ao

270 3273 460 3344 Nicoletum
481 3272 588 3345 filium
608 3296 665 3345 ser
681 3276 772 3346 Petri
791 3273 945 3344 notarios
966 3272 1203 3365 infrascriptos
1225 3268 1348 3359 rogavi

272 3406 374 3486 prout
405 3396 439 3465 io
472 3417 593 3467 eornm
629 3394 944 3486 subscriptionibus
979 3391 1208 3483 infrascriptis
1239 3389 1348 3462 conti-

272 3529 382 3589 netur.

373 3640 483 3711 Unum
516 3639 620 3722 addo,
647 3640 741 3733 quod
768 3641 885 3727 statim
915 3648 994 3734 post
1019 3635 1201 3709 transitum
1232 3654 1347 3704 meum

273 3762 386 3833 haeres
410 3786 508 3836 meus
529 3763 657 3836 scribat
678 3785 782 3857 super
804 3764 869 3835 hoc
889 3785 965 3834 meo
987 3760 1082 3832 tratri
1098 3779 1264 3852 germano
1284 3758 1348 3828 Pe·

273 3890 388 3955 trarco
408 3886 576 3957 monacho
596 3884 835 3956 Carthasiensi
858 3884 890 3953 in
912 3883 1093 3954 Conventu
1114 3882 1158 3951 de
1179 3877 1348 3952 ltlaterino

273 4027 380 4098 prope
403 4009 615 4078 Massiliam:
648 4018 684 4078 et
714 4008 775 4079 det
803 4006 870 4077 sibi
902 4005 1076 4099 optionem
1111 4014 1226 4074 utrum
1266 3999 1348 4071 velit

273 4138 410 4200 centum
443 4130 594 4202 florenos
627 4129 717 4210 anri,
744 4151 789 4200 an
816 4128 965 4223 singulis
988 4127 1089 4197 annis
1110 4126 1265 4218 quinque
1290 4121 1348 4190 vel

273 4248 393 4322 decem
417 4253 507 4324 sicut
527 4252 593 4323 sibi
608 4254 739 4345 planet:
756 4263 793 4323 et
811 4249 905 4343 quod
923 4250 997 4344 ipse
1013 4247 1159 4340 elegerit
1176 4242 1259 4314 illud
1277 4239 1348 4313 liat.

357 4376 446 4466 ‚Ego
459 4376 663 4449 Francisous
676 4374 861 4447 Petraroha
875 4373 1015 4465 scripsi;
1029 4370 1087 4464 qui
1101 4371 1348 4439 testamentum

274 4493 368 4566 aliud
386 4498 545 4573 iecissem
563 4499 592 4572 si
610 4519 726 4572 essem
740 4497 852 4583 dives,
868 4508 905 4571 ut
917 4499 1046 4588 vulgus
1064 4493 1223 4562 insanum
1239 4494 1347 4580 potat.
