2670 4688
550 290 703 339 semrom
725 291 756 338 rr.
1136 273 1196 335 505

106 437 177 510 sod
196 433 384 513 masculas
406 439 456 516 et,
476 431 504 500 si
526 428 639 511 detur,
660 427 755 521 pium
777 426 912 520 aliquid,
926 446 1092 511 ausuras,
1116 448 1196 518 pro·

107 581 184 652 que
200 556 292 628 virili
307 553 462 648 portione
477 550 643 644 usquead
658 552 798 622 iustitiae
813 549 1041 645 patrocinium
1055 559 1198 642 eruptu-

115 704 187 754 ras.
221 681 307 751 Cum
342 697 437 769 saepe
460 675 566 767 igitur
584 685 703 759 antea:
738 685 808 743 turn
839 672 999 764 precipue
1021 682 1099 763 post
1118 693 1197 741 eum

112 805 209 877 diem
231 801 332 873 solito
350 797 615 891 saepiustecum
639 818 734 877 sum3
753 817 847 890 saepe
870 796 964 867 subit
983 793 1197 888 desperatio,

118 947 216 1019 saepe
237 944 334 1015 spes,
351 942 445 1013 saepe
458 918 686 1033 autem'inter
709 930 893 1012 utramque
911 919 1067 990 fluitante
1084 918 1200 988 animo

119 1069 259 1119 mecum
276 1045 369 1117 dieo:
391 1043 462 1113 Ob!
486 1044 514 1113 si
537 1066 739 1136 unquam...
762 1043 833 1112 Oh!
858 1043 887 1114 si
907 1043 941 1111 in
968 1040 1095 1113 diebus
1115 1041 1201 1112 meis

120 1170 301 1243 accidat...
322 1167 395 1238 Oh!
420 1168 450 1237 si
473 1176 541 1237 tam
569 1167 651 1237 olari
670 1150 844 1260 operis'ot
865 1174 971 1236 tantae
992 1165 1114 1255 gloriae
1135 1164 1201 1235 sim

121 1294 304 1388 partioeps.
323 1289 455 1361 Dehinc
476 1287 600 1360 orebro
618 1287 663 1359 ad
683 1309 778 1371 eam,
796 1309 903 1381 quem
917 1286 952 1365 ia
965 1285 1098 1357 deliciis
1117 1286 1203 1355 Cru-

123 1413 266 1491 cifixum
289 1411 416 1495 habeo,
440 1429 581 1492 versus,
603 1420 729 1482 moesta
754 1431 842 1481 voce
870 1388 975 1501 atque
1008 1407 1118 1480 oculis
1141 1408 1205 1479 bu-

124 1532 299 1607 mentibus
317 1532 588 1604 exclam021esn
599 1530 739 1603 boneet
751 1533 894 1617 nimium
910 1543 1105 1616 mansuete,
1120 1531 1206 1624 qnid
1290 1604 1294 1613 ,

124 1659 190 1732 hoo
214 1658 294 1730 est?
320 1658 480 1746 Exurge:
501 1653 618 1738 Quare
643 1653 847 1726 obdormis?
871 1655 1013 1744 Eonrqe
1028 1666 1069 1739 et
1089 1675 1131 1723 ne
1153 1676 1208 1723 re-

120 1781 227 1874 pellas
247 1781 283 1849 r'n
301 1778 412 1868 finem.
438 1773 550 1861 Ouure
568 1777 687 1866 sociem
708 1786 800 1847 tuam
819 1777 970 1847 avertis?
997 1774 1207 1849 Oblivioleris

125 1897 247 1986 r'nopioe
284 1903 406 1962 nostroe
443 1902 473 1962 et
513 1893 732 1997 tribulationis
772 1892 920 1962 nostru?
952 1890 1120 1961 Protector
1148 1912 1208 1958 no-

127 2029 192 2088 ster
214 2019 321 2108 aspice
348 2014 445 2086 Dein.
472 2012 558 2086 Vide
584 2036 665 2108 quae
694 2004 861 2111 patimur,
889 2026 925 2087 et
950 2013 1057 2086 unde:
1081 2034 1210 2104 quaeve

128 2138 197 2211 sub
216 2140 338 2234 clypeo
359 2138 409 2209 tui
429 2137 579 2209 nominis
597 2136 642 2209 ab
664 2138 825 2239 hostibus
847 2137 917 2209 tuis
937 2136 1034 2207 fiunt.
1056 2134 1159 2220 Vide,
1175 2143 1211 2204 et

128 2260 284 2334 vindica:
318 2261 373 2331 sin
402 2260 530 2341 minus,
560 2281 705 2332 occurre
735 2261 939 2354 priusquam
968 2257 1132 2329 mortiferi
1148 2250 1211 2328 ¹vis

129 2382 257 2455 veneni
278 2382 397 2477 vitalia
415 2379 569 2451 membra
588 2381 761 2474 corripiat,
792 2390 828 2451 et
848 2381 1018 2452 extremis
1041 2383 1211 2451 malorum

130 2503 321 2576 obruamur
341 2501 505 2572 molibus.
524 2499 613 2584 Quid
634 2486 729 2592 nqis*¹
743 2501 778 2572 in
798 2512 829 2572 te
851 2503 1065 2595 sperantium
1088 2503 1214 2571 salus‘?

134 2624 235 2716 quid,
259 2623 435 2706 Salvator,
457 2600 604 2715 cogitas,
624 2622 720 2745 quid¹
734 2623 887 2695 haeres‘l.
901 2622 1067 2715 quamdiu
1094 2623 1214 2693 oculos

132 2754 292 2851 avertes*
309 2743 476 2838 quamdiu
498 2743 718 2815 nostris'non
740 2748 884 2836 tangere
907 2744 1070 2828 miseriis,
1089 2765 1213 2837 quam-

132 2869 193 2942 diu
219 2869 352 2963 nullum
387 2868 490 2938 tantis
517 2862 714 2939 laboribus
729 2868 1025 2960 modompones‘l
1049 2868 1103 2937 An
1127 2867 1216 2937 mala

133 3000 252 3064 nostra
274 2987 475 3107 nopuides,
498 3011 603 3082 qoem
626 3011 689 3061 neo
709 2990 789 3077 omli
815 2976 984 3073 ambitus,
1012 3011 1076 3061 neo
1096 2988 1216 3084 abyssi

134 3094 351 3205 profunditas
371 3108 470 3194 iabit,
495 3133 559 3182 noo
580 3111 683 3183 stillae
696 3111 831 3197 oceani,
855 3134 920 3186 neo
933 3114 1102 3187 silvarum
1122 3113 1215 3200 solia,

136 3252 336 3347 necarenae
356 3228 757 3327 maris,neostellarl1m
780 3257 962 3319 numeruS,
977 3234 1219 3319 neoaniman·

139 3354 224 3426 tibm
246 3324 444 3440 multitudo,
480 3377 545 3427 nec
572 3338 760 3428 herbarum
780 3354 959 3431 varietas?
985 3357 1037 3426 An
1055 3357 1136 3428 odio
1157 3356 1219 3426 tibi

138 3498 260 3553 sumus
282 3497 370 3568 quos
392 3496 504 3569 usque
522 3478 611 3551 adeo
628 3479 678 3550 sio
698 3480 818 3551 amate
833 3478 1083 3571 cossuevoras
1107 3488 1145 3549 ut
1158 3498 1219 3547 no-

140 3599 201 3669 stri
223 3612 342 3669 amore
363 3598 491 3680 victos,
516 3601 602 3674 coeli
634 3610 800 3692 regnator
818 3601 929 3693 lipom,
956 3599 1137 3670 interram
1159 3597 1221 3669 de-

141 3719 328 3795 scenderes
350 3731 454 3812 atque
474 3720 584 3809 bomo
612 3698 803 3794 maiitorus
829 3720 1094 3793 adscenderes
1086 3744 1120 3792 rn
1141 3714 1221 3793 oru-

141 3845 242 3911 cem‘?
259 3843 312 3910 An
332 3844 420 3912 sorte
439 3840 540 3913 vides
556 3842 743 3933 ambligis,
765 3845 831 3915 sed
852 3845 1000 3915 retrahit
1020 3844 1220 3937 impotentia

143 3963 391 4034 succurrendi?
404 3962 456 4032 ‘dt
474 3963 502 4059 si
521 3984 589 4034 non
607 3954 901 4073 os‘omnipptons‚
916 3948 1001 4058 qnid
1015 3966 1222 4058 speramus?

143 4081 197 4152 An
216 4095 247 4154 to
269 4095 376 4156 torret
397 4087 451 4156 vis
480 4084 631 4193 bostium
663 4088 824 4157 tuorum?
854 4086 922 4158 Sed
953 4078 1107 4159 nondum
1138 4092 1222 4178 p'uto
