2670 4688
425 303 517 352 arnna
538 288 929 356 sacremus—nrismm
950 305 982 354 11.
1227 296 1246 355 t

168 441 315 512 sentiam
336 439 468 532 quidve
493 440 717 531 pronuntiem
742 443 917 534 intelligis.
944 445 1046 536 Saepe
1070 444 1246 515 silentium

166 561 211 633 ad
234 559 485 655 exprimendos
510 561 616 631 animi
641 574 831 654 conceptus
852 567 979 657 quovis
1000 587 1161 639 sermone
1185 588 1247 658 po

167 687 295 757 tentius
329 684 407 765 luit,
443 702 505 752 nec
539 681 654 753 minus
687 684 826 755 silentio
854 687 965 758 Niobe
990 710 1096 780 quam
1121 690 1247 761 latratu

166 807 321 889 Hecuba,
339 807 496 877 dolorem
507 805 625 876 animo
637 804 778 876 insitum
797 806 1021 896 designabat:
1037 812 1153 903 itaque
1166 834 1245 883 cum

167 931 225 1001 illa
242 931 278 999 in
300 948 437 1007 saxum,
456 926 533 995 baec
550 927 585 996 in
602 947 722 998 canem
740 948 846 999 versa
862 925 1025 1018 fingatur,
1046 952 1114 1001 non
1131 935 1246 1007 minus

166 1063 302 1122 mutum
330 1049 422 1118 illius
449 1046 674 1119 simulacrum
695 1071 800 1141 quam
828 1049 935 1120 huius
959 1054 1106 1143 querula
1132 1053 1246 1127 rabies

167 1196 267 1244 snam
282 1171 457 1242 miseriam
471 1168 691 1262 loquebatur.
700 1172 789 1243 lllud
803 1194 872 1243 non
886 1173 1038 1245 siluerim
1053 1196 1246 1264 agnoscere

167 1317 223 1364 me
249 1294 426 1365 erasarum
453 1296 573 1377 fatum,
602 1294 699 1385 quod
723 1308 760 1368 et
784 1296 819 1366 in
844 1318 975 1368 occasu
1009 1299 1092 1369 solis
1119 1307 1154 1368 et
1179 1297 1246 1370 sub

166 1427 296 1498 austro,
315 1416 467 1506 denique
489 1414 633 1487 ubilibet
648 1418 780 1489 felicius
798 1418 902 1489 luerit
921 1442 1026 1510 quam
1045 1420 1114 1492 suh
1134 1429 1244 1492 arcto:

167 1543 213 1610 ita
236 1539 282 1612 ihi
302 1539 418 1633 gelida
438 1541 564 1623 omnia,
585 1543 701 1612 nullus
720 1542 825 1614 ardor
842 1545 976 1628 nobilis,
995 1547 1112 1616 nullus
1130 1545 1246 1617 vitalis

164 1667 259 1735 calor
277 1664 423 1757 imperii.
438 1662 558 1734 Redde
572 1662 682 1745 nobis,
702 1665 864 1746 Fortuna,
881 1668 911 1737 si
924 1668 1111 1741 Romuleos
1126 1668 1244 1741 Caesa·

165 1808 222 1858 res
244 1789 362 1858 Parcae
390 1795 525 1869 vetant,
548 1797 584 1857 at
606 1788 729 1857 saltem
755 1786 800 1858 ab
819 1789 986 1884 Hispania
1011 1790 1242 1875 Theodosios,

167 1909 317 1980 Severos
339 1905 384 1978 ab
403 1906 535 1991 Africa,
562 1924 609 1979 ex
634 1906 764 1980 Arabia
783 1909 971 2005 Philippos,
999 1913 1141 2005 eSyria
1166 1911 1246 1985 Alo-

166 2031 331 2103 xandros
366 2031 442 2101 Heu
471 2030 556 2123 quid
582 2054 675 2104 nunc
700 2031 833 2103 diceret
858 2031 1066 2104 architector
1091 2033 1147 2105 ille
1173 2055 1246 2105 ma·

164 2174 256 2242 gnus
289 2153 515 2237 monarchiae,
556 2175 797 2227 successorem
828 2176 932 2225 suum
959 2177 1039 2227 cum
1065 2156 1245 2229 sacerdote

164 2274 284 2347 humili
306 2277 351 2348 de
376 2277 571 2348 humilitate
595 2289 744 2360 certare,
772 2277 857 2348 dnm
882 2278 1099 2351 meminisset
1124 2300 1246 2372 super·

164 2402 347 2472 bissimum
369 2401 449 2468 olim
475 2399 665 2469 Galliarum
692 2422 828 2490 regern,
849 2398 933 2470 dum
956 2403 1117 2493 supplex,
1142 2418 1180 2473 ut
1197 2401 1246 2473 ait

164 2523 287 2589 Florus
309 2518 508 2599 historicus,
536 2519 570 2586 in
597 2532 712 2591 castra
737 2520 907 2600 venisset,
934 2521 1096 2611 phaleras
1121 2531 1157 2591 et
1182 2542 1246 2593 sua

165 2661 262 2710 arma
279 2647 359 2709 ante
386 2637 536 2708 Caesaris
558 2659 674 2728 genua
694 2640 884 2730 proiecisse
907 2662 947 2710 ac
973 2640 1130 2711 dixisse:
1157 2640 1247 2716 habe

164 2763 256 2833 haec:
276 2762 391 2832 virum
411 2764 549 2847 fortem,
573 2761 627 2831 vir
641 2761 838 2845 fortissime,
858 2759 995 2833 vicisti?
1008 2762 1115 2833 lllulta
1136 2784 1175 2835 so
1195 2767 1245 2837 ol-

164 2889 279 2957 lerunt
299 2884 333 2955 id
351 2907 475 2975 genus.
494 2884 581 2957 Nam
602 2896 638 2955 et
654 2886 809 2976 locuples
826 2885 972 2957 materia
989 2897 1025 2958 et
1040 2885 1246 2978 multiloqua

163 3009 353 3100 indignatio
373 3019 445 3080 est:
468 3007 532 3080 sed
551 3007 695 3079 frenabo
716 3009 883 3099 impetum
905 3018 944 3079 ut
968 3008 1029 3101 qui
1049 3008 1127 3080 baec
1152 3010 1242 3103 ipsa,

163 3133 301 3201 nonnisi
326 3133 379 3204 ira
399 3141 546 3224 cogente
573 3152 615 3200 ac
638 3128 807 3213 dictante,
836 3129 1059 3222 proluderim.
1087 3131 1176 3201 Sane
1200 3129 1245 3203 de

164 3253 314 3323 Caesaris
328 3254 520 3345 Legatique
537 3273 729 3342 congressu
745 3252 842 3343 quod
859 3250 1166 3345 providentissime
1183 3272 1245 3323 va·

166 3375 317 3444 ticinaris
351 3377 538 3465 amplector
567 3396 609 3444 ac
633 3373 756 3467 probo,
784 3385 820 3445 et
840 3396 929 3466 pene
955 3395 1030 3443 rem
1055 3373 1168 3465 ipsam
1194 3372 1245 3442 vi·

163 3494 249 3564 deor
271 3493 401 3564 videre.
421 3493 495 3564 Non
516 3493 610 3586 quod
632 3497 748 3566 omnia
767 3497 835 3565 ista
855 3517 911 3564 me
933 3503 1105 3574 moveant,
1124 3501 1244 3564 contra

162 3636 244 3709 quae
270 3616 377 3686 multa
405 3634 501 3706 saepe
527 3617 695 3702 disserui,
725 3616 787 3688 sod
813 3639 859 3687 ex
885 3612 1072 3706 praeteritis
1096 3624 1245 3687 ventura

162 3739 316 3811 coniicio.
336 3738 457 3829 ltaque
482 3758 550 3807 non
575 3747 646 3809 tam
673 3750 812 3829 tangor,
839 3737 933 3830 quod
954 3737 1075 3826 Legati
1102 3735 1243 3828 sonipes

163 3862 199 3932 in
225 3859 401 3932 Caesarem
427 3858 626 3942 calcitrarit,
652 3883 757 3951 quarn
784 3858 878 3951 quod
903 3857 1082 3928 calcitrare
1108 3856 1242 3927 animos

164 3985 260 4066 novi,
283 3994 318 4055 et
339 3984 411 4055 scio
431 3980 527 4075 quod
551 3981 664 4053 omnis
685 3993 839 4074 potestas
861 3991 917 4052 est
935 3981 1108 4052 consortis
1135 3981 1243 4072 impa-

165 4107 275 4184 tiens3
296 4106 397 4177 cuius
419 4103 468 4176 rei
489 4104 557 4176 nisi
577 4103 718 4195 antiqua
741 4102 951 4187 sufficerent,
975 4125 1099 4175 vereor
1120 4126 1163 4173 ne
1189 4121 1242 4171 re·
