2670 4688
303 313 394 361 mnen
417 311 940 362 vreusmusrsnmus.-rnrsrom
964 315 981 362 r.
1125 305 1176 365 t8l

105 454 229 548 posita,
256 453 419 526 bellicum
446 453 519 524 lani
546 454 711 543 templum
737 452 935 525 felicissime
963 459 1180 539 conclusisti,

106 578 233 651 utinam
254 577 417 657 viveres3
438 573 498 647 tibi
518 576 688 666 loquerer.
710 573 739 641 0
759 573 896 665 insigne
917 597 979 667 par
1002 578 1180 654 hominum

103 700 317 792 Vespasiane
334 710 370 771 et
387 697 470 778 Tite,
484 694 581 788 digni
600 697 767 766 alterutro
783 704 818 765 et
835 706 934 790 patre
951 698 1043 771 illius
1059 713 1095 773 et
1111 702 1182 775 lilio

103 829 212 914 pater,
234 819 293 912 qui
308 840 377 890 uno
393 840 512 898 eun-u,
531 815 626 907 quod
642 837 821 906 nunquam
839 828 940 889 antea
960 820 1073 891 visum
1092 838 1178 908 erat,

102 954 138 1015 et
156 942 284 1013 Christi
305 938 592 1032 gloriosissimam
614 937 795 1021 ultionem,
816 948 852 1010 et
873 940 1085 1033 triumphum
1112 947 1182 1017 cla·

89 1063 283 1135 rissimum
303 1061 348 1133 de
366 1060 615 1157 Hierosolymis
633 1061 813 1145 retulistis
838 1062 968 1133 utinam
989 1063 1179 1149 viveretis3

101 1183 203 1257 vobis
223 1187 398 1278 loquerer,
420 1193 457 1256 et
476 1194 515 1255 ut
538 1183 666 1255 Christi
691 1183 835 1257 iniurias
867 1185 991 1259 iterum
1022 1189 1180 1262 vindica·

102 1310 188 1380 retis
208 1309 377 1380 hortarer.
399 1307 633 1382 Olontissime
654 1305 709 1377 vir
730 1307 893 1393 Traiane,
914 1309 974 1402 qui
992 1310 1060 1382 iam
1083 1312 1181 1384 senio

101 1431 322 1529 frigescentis
343 1431 476 1525 imperii
496 1428 653 1502 membra
671 1431 780 1500 multo
801 1431 945 1523 spiritus
966 1434 1105 1505 lervore
1126 1457 1179 1505 re·
1257 1520 1262 1530 ¹

102 1553 231 1638 lovisti,
253 1574 294 1624 ao
313 1564 442 1646 praeter
459 1573 558 1644 spem
575 1551 804 1623 iuvenescere
824 1553 983 1644 coegisti,
1003 1577 1179 1649 nunquam

101 1686 195 1761 eerte
215 1677 270 1746 vel
292 1683 362 1746 tam
383 1676 536 1765 gelatum
557 1683 663 1764 atque
676 1670 893 1768 decrepitum
907 1676 1105 1768 imperium,
1122 1682 1181 1751 vel

102 1808 169 1870 tam
184 1797 404 1868 necessarius
417 1798 534 1867 lervor
548 1805 643 1879 tuns,
657 1795 788 1866 utinam
802 1798 961 1880 viveres3
980 1798 1042 1869 tibi
1059 1801 1180 1892 loque-

101 1941 169 2004 rer,
191 1929 227 1991 et
246 1941 405 2010 rogarem
428 1927 466 1989 ut
487 1916 705 1989 moribundae
722 1919 844 2012 patriae
861 1940 960 2011 opem
979 1921 1101 2006 lerres,
1117 1946 1180 1995 nec

98 2040 178 2114 ideo
197 2040 291 2134 quod
317 2041 351 2110 in
378 2041 543 2133 hispania
570 2048 674 2110 natus
698 2060 816 2126 esses,
842 2040 971 2113 ltalicae
996 2042 1180 2117 oblivisce·

100 2164 188 2236 reris
206 2165 363 2256 originis.
389 2165 417 2236 0
444 2163 533 2235 bone
559 2161 749 2247 Theodosi,
777 2162 836 2254 qui
864 2185 972 2254 parva
999 2163 1178 2240 hominum

99 2306 203 2355 manu
230 2285 293 2356 sed
317 2285 437 2356 divino
463 2286 569 2356 lultus
597 2285 740 2368 auxilio,
768 2285 1082 2360 tibi-militantibus
1107 2293 1180 2362 ele-

99 2406 225 2475 mentis
245 2417 281 2476 et
299 2406 561 2475 coniurantibus
583 2407 839 2489 reconvertis,
859 2409 1005 2497 sagittas
1024 2410 1179 2482 barbari-

97 2545 158 2594 cas
178 2548 225 2594 ex
250 2521 461 2595 immanibus
487 2525 660 2614 pharetris
686 2524 860 2596 adversus
885 2549 949 2598 nos
970 2530 1127 2612 eductas,
1143 2535 1177 2602 in

98 2634 193 2737 ibsas
206 2648 336 2716 lrontes
349 2658 454 2738 atque
467 2645 712 2716 exterminium
727 2644 954 2718 barbarorum
971 2651 1178 2722 miraculoso

96 2779 133 2840 et
149 2766 395 2840 incredibiliter
410 2768 594 2850 retorsisti,
611 2766 741 2839 utinam
756 2769 914 2852 viveres;
929 2771 990 2842 tihi
1005 2776 1175 2865 loquerer.

96 2890 195 2962 Nune
216 2888 301 2984 quid
321 2894 448 2982 agam?
468 2892 513 2964 Et
531 2892 625 2982 loqui
649 2901 795 2984 oportet,
818 2901 854 2962 et
873 2893 929 2965 eui
956 2896 1080 2988 loquar
1106 2919 1175 2970 non

96 3013 246 3083 invenio.
268 3013 449 3084 Effundam
471 3034 578 3084 voees
599 3014 634 3082 in
655 3012 786 3098 nubila,
809 3015 840 3085 si
856 3017 936 3108 quis
954 3019 1072 3091 forsan
1089 3021 1175 3089 arni-

95 3134 168 3203 cior
193 3134 350 3226 spiritus,
368 3147 406 3206 et
426 3134 526 3206 bonis
545 3137 667 3206 favens
688 3157 708 3206 e
732 3135 833 3207 labiis
855 3138 943 3208 meis
966 3139 1110 3210 eductas
1129 3141 1175 3211 ad

94 3254 244 3344 aliquam
261 3275 465 3345 generosam
479 3278 600 3327 aurem
619 3258 694 3327 illas
712 3261 864 3348 perierat
881 3257 940 3329 ubi
958 3258 1172 3344 fructificent,

96 3377 255 3471 uteupio
276 3377 514 3469 potiusquam
536 3401 649 3471 spero.
673 3379 764 3461 Quid
784 3380 876 3450 enim
900 3381 976 3472 spei
1000 3382 1172 3474 reliquum

94 3503 169 3572 est?
189 3498 279 3581 Quid
300 3497 439 3588 agitur?
464 3500 606 3571 Summe
638 3501 733 3583 lesu,
769 3499 828 3572 ubi
862 3511 944 3572 sunt
975 3502 1065 3572 oculi
1103 3502 1172 3586 tui,

93 3623 222 3714 quibus
242 3642 306 3691 nos
328 3618 373 3690 ab
390 3622 459 3690 alto
481 3621 634 3706 intuens,
654 3644 724 3693 non
743 3622 846 3695 modo
867 3625 979 3694 claros
1002 3623 1064 3694 sed
1084 3623 1174 3695 invi·

94 3743 212 3816 diosos
227 3743 356 3814 mundo
370 3743 523 3812 leceras‘l
537 3744 633 3814 Hane
647 3754 774 3815 tantam
790 3747 938 3814 tortunae
953 3742 1171 3834 vertiginem,

94 3866 185 3938 hanc
206 3876 273 3937 tam
296 3864 445 3936 subitam
466 3866 527 3935 lati
552 3864 640 3949 vim,
663 3865 738 3935 sine
759 3864 933 3955 aliquibus
955 3863 1031 3936 aliis
1052 3865 1172 3939 verbis

94 3963 189 4078 quod
234 3998 397 4060 moestum
440 3985 593 4058 animum
642 3985 767 4078 premit
807 3984 1003 4077 expediam.
1047 3986 1172 4060 Vidisti

92 4108 254 4200 equidem
274 4124 368 4184 certe
390 4129 616 4205 praesensque
636 4108 761 4181 aderas
784 4107 924 4201 quando
950 4121 1085 4202 patrum
1112 4131 1170 4180 no-
