2670 4688
152 246 213 304 teu
613 256 779 306 ruumuur

151 402 300 488 etligiem
335 413 464 491 praeter
494 421 627 470 cornua
660 400 745 470 nihil
779 400 884 481 desit,
913 423 1003 472 cum
1034 405 1185 479 interea
1221 411 1265 479 nit

152 522 219 591 uisi
241 521 291 591 rei
314 522 473 592 militaris
492 524 669 613 epilogum
691 522 904 612 loqueretur.
929 524 1034 607 Quid
1064 537 1104 599 te
1128 529 1167 600 in
1188 552 1267 601 rer-

152 645 206 714 bis
240 649 369 717 teneo?
407 646 474 714 t'ix
509 644 649 715 tandem
690 644 772 719 inde
806 644 977 716 divulsus
1020 662 1097 721 est.
1140 653 1267 723 Nescio

153 764 310 835 historiae
342 764 468 837 finem:
503 778 667 836 nutantes
689 766 897 858 ruinamque
917 768 1148 844 minitantes
1176 772 1266 846 ahie

154 898 250 967 runt,
271 908 387 978 neque
406 899 624 978 compertum
646 880 761 957 habeo
781 888 817 957 in
836 908 946 977 quam
970 891 1132 965 foveam
1154 918 1265 988 equus

155 1028 349 1098 sessorque
381 1008 579 1078 ceciderint.
612 1008 714 1090 Quod
747 1017 949 1078 extremum
991 1016 1106 1103 petiit
1140 1018 1209 1090 soit
1233 1028 1266 1087 ut

155 1152 219 1224 per
239 1154 296 1202 me
317 1131 396 1207 tibi,
419 1153 482 1222 per
504 1142 536 1200 te
557 1131 696 1200 familiae
714 1133 793 1201 eius
814 1132 1073 1207 innotesceret
1091 1162 1184 1211 eum
1203 1142 1266 1212 hue

155 1276 300 1346 corpore
322 1254 482 1345 quidem,
506 1265 543 1322 ut
562 1252 640 1343 ipse
659 1252 724 1334 ait,
749 1264 785 1324 ut
810 1274 878 1344 ego
904 1256 1110 1346 testificor,
1136 1263 1266 1356 lingua,

156 1377 362 1447 ineolumem
383 1376 605 1467 pervenisse:
620 1368 716 1446 Vale.

657 1615 736 1625 ..-

580 1829 757 1895 EPISTOLA
779 1832 860 1895 xtt'.

248 1988 443 2043 franciscos
463 1993 632 2044 rnruuucu
655 1994 773 2045 racono
793 1964 1003 2046 ruoniurmo
1026 2001 1059 2051 s.
1086 2006 1120 2054 r.
1146 2010 1180 2057 o.

158 2136 244 2191 Mittit
257 2139 418 2193 Orationem
433 2140 471 2194 tt.
485 2142 569 2196 Tullii
583 2141 724 2197 Ciceronis
738 2161 789 2215 pro
805 2144 905 2198 Archia
924 2152 1029 2219 poeta,
1049 2160 1183 2232 trosque
1204 2164 1270 2218 alias

246 2235 316 2302 petit
330 2233 365 2287 ab
379 2250 426 2302 eo,
443 2235 487 2289 cui
511 2236 680 2321 Philippieas
699 2238 807 2294 iamdiu
831 2247 958 2311 acceptas
981 2254 1221 2322 quamprimum
1240 2275 1270 2312 se

250 2323 427 2381 redditurum
442 2325 571 2415 spondet.
668 2330 673 2337 ’

259 2586 460 2673 Orationem
488 2594 688 2675 Menam·
713 2619 775 2692 pro
812 2596 943 2669 Licinio
972 2597 1125 2688 Archia,
1150 2630 1263 2701 quam

161 2718 336 2808 potticitus
371 2748 448 2798 som
471 2694 543 2809 tibi,
575 2732 784 2818 praesentem
819 2719 916 2790 mitto
946 2722 1119 2797 retentem
1157 2732 1262 2801 miris

160 2854 344 2930 poetarum
378 2847 552 2920 lendibus.
585 2842 722 2914 iuvabit
744 2854 826 2936 puto
847 2840 916 2913 fide
935 2841 1046 2933 digno
1074 2857 1173 2921 teste
1200 2874 1261 2924 co·

161 2981 352 3053 gnoscere,
387 2969 481 3060 quod
512 2966 636 3037 studiis
660 2965 789 3057 quibus
811 2965 1025 3038 delectamur
1046 2989 1177 3060 praeeo
1203 2975 1259 3044 in-

161 3101 248 3169 gens
282 3101 318 3159 et
352 3087 643 3183 preclarissimus
676 3086 801 3158 Orator
833 3086 1034 3170 accesserit,
1064 3093 1175 3162 euius
1204 3096 1256 3164 rei

161 3201 389 3282 admonuisse
422 3223 457 3283 te
487 3208 605 3288 veiim,
638 3217 677 3275 ut
705 3229 777 3277 rem
805 3209 883 3279 ticet
908 3227 1053 3300 porram
1075 3206 1114 3277 in
1138 3214 1256 3304 pretio

160 3318 306 3401 habeas.
328 3333 427 3405 Neve
448 3355 510 3426 pro
530 3349 597 3400 una
620 3328 691 3401 tr'es
711 3328 867 3403 eiusdem
887 3328 1035 3402 oratoris
1060 3332 1255 3405 remisisse

163 3452 197 3515 te
218 3451 348 3543 pigeat,
369 3476 458 3547 quas
478 3454 587 3526 fateor
607 3449 836 3547 ipsemecum
855 3451 1073 3532 detulissem,
1097 3462 1136 3523 et
1158 3453 1254 3526 sieut

161 3587 244 3653 uno,
268 3577 320 3648 sie
339 3578 478 3651 duobus
500 3588 534 3647 te
555 3573 653 3644 libris
674 3596 743 3645 uno
769 3550 924 3670 tempore
951 3573 1163 3667 spoliassem
1187 3597 1253 3668 per

161 3683 341 3779 fiduciam,
375 3699 436 3768 nisi
463 3715 609 3791 propere
640 3694 847 3790 Philippicas
871 3696 1099 3775 dimisissem,
1129 3718 1253 3790 neque

160 3802 196 3873 ¹'d
217 3833 261 3881 eo
281 3822 459 3910 proposito
480 3826 518 3891 ut
536 3817 588 3888 eis
609 3826 778 3908 perpetuo
811 3840 966 3901 careres
994 3816 1058 3887 sed
1081 3823 1121 3885 ut
1140 3838 1251 3890 aecu-

160 3929 273 4001 ratius
306 3952 342 4008 et
375 3942 490 4012 littera
523 3936 958 4031 floridiore'transcriptas
985 3938 1030 4009 ad
1053 3947 1087 4008 te
1119 3960 1251 4030 quem-

159 4042 313 4132 urinum
348 4063 571 4135 remitterem.
593 4060 671 4150 Ego
696 4063 788 4133 enim
817 4083 929 4154 usque
963 4061 1050 4132 adeo
1075 4063 1247 4134 vetustati
