2670 4688
311 254 402 302 nmun
424 250 928 303 vicnsluusrantus.-nmsronn
951 251 1014 301 vm.
1165 241 1198 302 ll

126 407 312 487 prosperos
341 399 564 481 exoptamus,
596 388 665 457 iam
698 397 732 458 te
765 388 890 458 summi
925 387 1062 482 lmperii
1097 407 1204 459 nosse

126 533 343 608 puerperam.
361 512 437 584 Non
459 512 516 582 hic
535 511 687 594 desines
707 511 770 583 sed
791 510 885 604 quod
902 530 941 582 es
958 531 1039 581 orsa
1056 508 1204 583 feliciter

126 635 323 708 felicissime
338 635 609 708 consummabis.
627 636 844 728 Quamquam
863 656 932 705 non
949 642 1065 728 potest
1081 634 1202 728 utique

127 781 236 832 sexus
256 759 313 831 ille
332 761 518 843 contemni,
536 757 628 830 unde
648 757 809 838 coelcstis,
819 757 1009 849 Imperator
1030 767 1202 851 tempora-

126 887 193 956 lem
214 880 322 954 traxit
340 881 524 973 originem,
546 879 617 974 qui,
633 892 671 950 ut
690 881 738 951 ait
758 880 905 972 insignis
931 881 1005 951 veri
1028 882 1203 973 professor

126 1006 356 1098 Augustinus,
374 1005 513 1098 nequis
530 1007 618 1076 lorte
635 1025 746 1075 sexus
763 1026 784 1074 n
802 1024 866 1074 sno
885 1004 1048 1075 Creatore
1067 1024 1107 1074 se
1119 1024 1203 1074 con-

128 1142 295 1225 temptum
327 1139 475 1223 putaret,
503 1129 619 1200 virum
653 1129 822 1224 suscepit,
853 1139 956 1200 natus
989 1151 1037 1199 ex
1062 1128 1203 1199 foemina

126 1264 195 1325 est:
211 1251 303 1325 unde
322 1261 492 1347 praeterea
512 1261 547 1323 et
567 1252 693 1324 terreni
716 1273 818 1344 reges
839 1251 941 1345 primi
962 1251 1139 1322 hominum
1167 1259 1203 1322 et

127 1373 1203 1469 quisummuminregibuslocumtenentdiviCaesaresoriun·

131 1507 196 1570 tur.
211 1497 310 1571 Adde
321 1499 417 1592 quod
431 1520 496 1570 uec
510 1507 608 1591 partu
628 1507 772 1580 tentum,
792 1496 856 1571 sed
874 1497 1012 1589 ingenio
1028 1507 1064 1569 et
1075 1496 1204 1570 virtute

126 1619 303 1716 multiplici
313 1631 348 1692 et
356 1619 581 1713 rebnsgestis
595 1632 630 1693 et
645 1621 742 1713 regni
757 1621 866 1713 gloria
880 1642 989 1693 sexus
1000 1632 1056 1693 est
1066 1606 1200 1692 nobilis.

55 1819 64 1830 ,
125 1744 170 1818 Ut
184 1743 276 1814 enim
296 1764 405 1837 pauca
421 1742 467 1815 de
485 1744 601 1815 multis
620 1744 864 1837 praetereundo
880 1745 1089 1835 contingam,
1108 1743 1202 1836 apud

125 1864 386 1959 antiquissimos
421 1864 620 1939 Graecorum
655 1867 827 1962 repertrix
864 1866 1043 1938 variarum
1076 1867 1200 1937 artium

125 1989 282 2060 Minerva
297 1986 463 2082 virosque
476 2011 599 2062 omnes
612 1988 752 2081 ingenio
774 2010 1013 2083 supergressa,
1036 1999 1141 2080 atque
1156 1987 1203 2058 ob

125 2132 201 2184 eam
222 2133 295 2183 rem
317 2113 498 2205 sapientiae
523 2113 588 2185 dea
609 2123 676 2185 est.
696 2112 777 2197 lsis,
799 2110 917 2182 lnachi
937 2110 1005 2182 lilia
1028 2109 1201 2205 AEgyptiis

125 2239 235 2330 prima
261 2238 393 2310 litteras
419 2237 524 2309 dedit.
547 2236 649 2330 Apud
669 2256 734 2307 nos
754 2254 841 2305 vero
863 2234 1057 2306 Carmentis
1085 2235 1200 2304 Evan-

124 2360 178 2430 dri
199 2359 301 2451 Regis
322 2358 450 2443 mater,
475 2359 597 2430 harum
619 2358 748 2452 quibus
769 2360 898 2429 utimur
921 2356 1113 2428 litterarum
1133 2358 1202 2428 ler-

128 2493 183 2550 tur
208 2480 395 2548 inventrix.
421 2480 560 2572 Sappho
573 2501 688 2571 graeca
701 2482 814 2575 puella
828 2479 936 2551 libros
963 2480 1112 2571 scripsit,
1140 2477 1200 2571 qui

129 2619 333 2689 magnorum
352 2608 530 2691 poetarum
544 2600 692 2692 ingeniis
707 2612 961 2697 comparentur.
975 2600 1087 2672 Proba
1104 2621 1200 2693 quae·

127 2719 208 2792 dam
235 2720 382 2816 Adelphi
417 2742 508 2793 uxor
541 2722 722 2818 utriusque
750 2747 857 2817 gnara
892 2723 1077 2806 sermonis,
1106 2723 1198 2815 apud

126 2862 264 2934 graecos
286 2843 485 2928 homericis,
507 2843 601 2940 apud
626 2867 690 2917 nos
717 2845 909 2940 virgilianis
929 2847 1043 2917 versis
1065 2845 1098 2915 in
1126 2866 1197 2915 rem

125 2984 225 3037 snam
246 2964 419 3051 versibus,
442 2966 560 3040 mundi
580 2968 750 3061 originem
770 2980 806 3041 et
824 2974 981 3043 fortunas
1000 2979 1145 3064 patrum,
1163 2978 1200 3038 et

124 3087 250 3160 Christi
268 3089 456 3162 adventum
475 3092 735 3188 historiamque,
751 3093 963 3167 brevissimo
977 3117 1041 3167 suo
1057 3091 1198 3184 quidem

123 3212 254 3299 ordine,
268 3215 389 3286 alienis
404 3215 522 3287 verbis
539 3221 698 3311 amplexa
718 3228 783 3288 est.
807 3218 961 3288 Transeo
974 3202 1124 3308 sibyllas
1144 3212 1199 3284 di-

125 3338 225 3409 vinas
245 3337 406 3410 loeminas
426 3347 462 3408 et
473 3339 638 3431 praescias
657 3340 853 3410 futurorum
873 3349 910 3409 et
929 3335 1036 3410 divini
1061 3335 1195 3404 consilii

122 3459 290 3532 conscias.
319 3458 416 3530 Unde
443 3481 569 3531 nomen
588 3461 750 3532 omnibus
776 3484 884 3532 unum
911 3458 1055 3530 inditum
1081 3456 1197 3547 perhi-
1296 3439 1303 3452 '

123 3581 235 3667 betur,
258 3603 335 3651 enm
354 3580 475 3651 decem
493 3582 603 3654 luisse
621 3585 696 3655 illas
715 3595 749 3656 et
767 3583 877 3676 patria
895 3593 929 3652 et
945 3588 1047 3649 aetale
1063 3576 1196 3649 distan-

124 3719 186 3791 tes,
202 3708 319 3777 Marco
332 3704 485 3773 Varrone
499 3715 596 3788 teste,
611 3707 828 3778 noverimus:
842 3725 987 3797 quarum
1005 3711 1073 3773 tam
1088 3704 1194 3774 multa

123 3827 294 3922 usquein
322 3825 425 3897 finem
451 3825 582 3910 mundi,
610 3824 909 3922 praecipuequede
929 3823 1076 3910 Christo,
1104 3846 1195 3920 prae-
1327 3907 1333 3919 ,

123 3952 283 4024 nunciata
304 3949 487 4023 didicimus
507 3959 542 4020 et
562 3950 713 4044 impieta,
737 3959 775 4019 ut
795 3972 900 4021 unum
928 3950 992 4020 hoc
1012 3969 1194 4021 commune

122 4075 275 4148 omnium
297 4074 438 4168 Sibyllae
459 4094 582 4145 nomen
605 4095 624 4145 a
642 4071 842 4146 doctoribus
863 4075 990 4147 nostris
1011 4071 1193 4168 prophota-
