2834 5086
184 704 242 763 :llll
640 722 799 771 ιιιιιιιιιιιι

179 866 283 937 Ferre
302 877 452 959 oportet3
472 867 567 960 quod
585 870 614 939 si
630 880 776 939 externa
799 868 970 942 industria
989 879 1121 941 nostrae
1138 873 1261 945 forsan

177 990 328 1081 ignaviae
358 992 514 1063 succurri
539 1003 666 1085 potest,
696 991 806 1063 lllusis
831 989 1042 1077 laventibus
1064 1003 1260 1089 nostroque

177 1109 238 1183 liat
255 1113 423 1208 Apolline.
449 1116 549 1186 Nulla
578 1115 663 1185 rnibi
688 1117 744 1186 vel
770 1116 905 1202 Serum,
926 1119 984 1186 vel
1005 1114 1157 1191 Arabum
1174 1118 1256 1191 ·llu-·

175 1235 298 1329 brique
318 1238 427 1309 litoris
448 1261 549 1309 merx
570 1240 708 1331 gratior.
730 1238 802 1309 Nec
823 1240 945 1329 ignoro
964 1238 1059 1331 quod
1077 1239 1254 1313 dixerim:

175 1358 247 1432 scio
267 1360 360 1433 huno
380 1373 510 1433 rectum
532 1361 566 1432 in
586 1361 760 1431 communi
776 1382 845 1433 usu
863 1372 1061 1432 nostrorum
1079 1382 1259 1453 gramma-

176 1482 320 1555 ticorum
341 1484 444 1556 hodie
468 1506 536 1555 non
562 1505 663 1568 esse3
694 1484 757 1556 sed
786 1484 850 1556 luit
878 1485 972 1577 apud
997 1495 1155 1571 veteres,
1181 1506 1251 1559 non

175 1605 254 1679 dieo
274 1608 350 1679 illos
370 1609 499 1700 primos
524 1630 672 1700 quorum
699 1603 825 1678 ductus
851 1606 1056 1701 iampridem
1090 1608 1251 1700 ignoran-

176 1729 257 1801 tiam
275 1731 378 1801 istam
399 1729 519 1822 pudet,
543 1730 606 1801 sed
627 1730 693 1801 hos
713 1741 867 1825 tempore
884 1730 1076 1821 proximos,
1094 1730 1255 1805 doctrina

174 1863 279 1943 atque
296 1852 434 1944 ingenio
451 1854 553 1944 longo
570 1851 718 1947 primoS,
737 1875 757 1924 a
773 1852 904 1945 quibus
922 1850 1075 1924 nondum
1092 1864 1150 1927 est
1164 1876 1257 1929 ausa

173 1971 349 2046 divertere
368 1978 497 2067 loquax
517 1986 552 2047 et
572 1998 666 2049 coeoa
687 1973 862 2068 superbia.
883 1974 986 2071 Apud
1006 1976 1071 2047 hos
1091 1977 1255 2069 inquam,

173 2105 209 2166 ot
225 2098 320 2189 quod
340 2120 432 2171 nune
453 2100 612 2181 occurrit,
631 2096 724 2192 apud
745 2098 937 2181 Horatium,
969 2098 1169 2172 nominatim
1195 2110 1259 2175 est

174 2214 231 2290 hie
255 2218 331 2312 ipse
356 2217 490 2314 dequo
517 2222 640 2315 loquor
664 2232 803 2293 rectus:
824 2219 1034 2294 reducamus
1057 2242 1148 2305 eum,
1174 2244 1257 2311 oro,

174 2343 205 2415 si
225 2365 414 2436 possumus
441 2345 475 2415 in
502 2345 667 2427 medium,
693 2356 729 2417 et
752 2345 871 2415 neseio
894 2365 958 2415 eur
986 2344 1100 2415 latinis
1119 2340 1257 2425 finibus

173 2469 311 2558 pulsum
334 2489 460 2538 nomen
480 2467 524 2539 ab
546 2467 688 2560 indigno
712 2467 820 2539 exilio
845 2489 1011 2540 revocare
1036 2466 1071 2537 in
1095 2468 1252 2560 linguam

171 2589 228 2658 eui
250 2608 353 2662 omne
379 2601 514 2683 tempus
541 2589 790 2682 impendimus,
819 2613 888 2662 non
912 2590 1017 2663 eliam
1042 2590 1249 2673 audeamus.

171 2710 284 2781 Unum
323 2733 408 2784 sane
440 2714 507 2782 iam
543 2712 624 2783 hino
657 2713 910 2806 praemonuisse
943 2715 1047 2786 velim
1086 2735 1132 2784 ne
1167 2726 1254 2807 post

170 2838 298 2907 factum
319 2836 458 2908 siluisse
474 2837 661 2929 poenitent3
691 2859 770 2908 nam
793 2836 822 2908 si
843 2836 888 2908 ad
909 2836 1067 2922 verbum,
1089 2846 1129 2908 ut
1146 2836 1249 2923 dieis,

171 2961 285 3032 soluta
304 2960 460 3031 oratione
478 2980 534 3030 res
552 2959 688 3051 agenda
709 2967 779 3039 est,
799 2958 844 3029 de
865 2958 931 3029 hoo
951 2957 1029 3051 ipso
1049 2959 1251 3051 loquentem

170 3083 416 3178 Hieronymum
446 3082 576 3164 audite,
607 3082 640 3150 in
670 3081 838 3172 prooemio
864 3079 942 3153 libri
965 3079 1019 3149 'De
1050 3084 1252 3175 temporibus

169 3227 273 3296 quem
295 3206 340 3277 ab
360 3206 511 3278 Eusebio
531 3203 737 3277 Caesariensi
757 3204 887 3276 editum
910 3205 943 3274 in
964 3204 1108 3276 latinum
1130 3214 1247 3277 trans-

169 3329 256 3400 tulit.
278 3328 393 3400 Verba
412 3330 502 3401 enirn
529 3329 605 3423 ipsa
630 3328 729 3420 posui
755 3328 822 3397 viri
848 3327 958 3420 ipsius
981 3330 1162 3421 utriusque
1180 3330 1248 3401 lin-

169 3472 249 3541 guae
280 3449 493 3542 aliarumque
527 3451 710 3520 multarum
737 3449 953 3541 peritissimi,
975 3460 1011 3520 et
1037 3449 1070 3521 in
1090 3472 1133 3522 ea
1153 3472 1247 3545 prae·

169 3573 288 3644 sertim
310 3574 468 3644 laeullnle
488 3572 719 3643 famosissimi.
742 3568 864 3655 Sicuti,
888 3573 1009 3666 inquit,
1027 3596 1095 3643 non
1112 3572 1247 3645 videtur

167 3698 290 3787 linpuoe
307 3698 450 3785 pralium
470 3697 740 3787 interpretatione
761 3698 894 3779 mulo-ri,
912 3697 1091 3767 Homerum
1106 3695 1152 3767 ad
1166 3720 1246 3771 oer-

168 3818 244 3889 lmm
264 3820 431 3913 emprimat
449 3822 485 3890 io
507 3819 672 3888 latinum:
696 3819 771 3910 plus
790 3817 917 3908 ulr'quid
939 3818 1068 3890 dicum:
1093 3816 1244 3891 eumdem

168 3942 204 4010 in
223 3966 285 4013 mo
303 3943 420 4031 linpuo
431 3961 539 4034 prosse
555 3940 662 4008 uerbis
678 3941 933 4032 interpretetur:
953 3939 1072 4013 uidebit
1090 3939 1245 4013 ordinem

164 4064 353 4149 ridiculum,
372 4075 403 4134 et
411 4074 544 4157 poetam
561 4064 857 4152 eloquentissimum
870 4067 932 4137 vim
945 4066 1137 4167 loquentem.
1155 4065 1244 4139 Haec

164 4187 237 4258 dixi
259 4198 305 4270 ut,
319 4187 404 4261 dum
424 4197 560 4280 tempus
580 4194 643 4270 est,
665 4186 788 4258 videas
803 4198 975 4258 netanlus
1000 4187 1099 4260 labor
1117 4186 1243 4263 irritus

165 4313 219 4382 sit.
237 4311 312 4403 Ego
338 4331 411 4380 rem
439 4322 624 4402 utcumque
649 4308 724 4379 lieri
750 4310 872 4401 cupio:
908 4318 1002 4382 tanta
1034 4312 1128 4381 enim
1152 4311 1244 4385 mibi

164 4434 354 4504 litterarum
386 4431 548 4504 nobilium
583 4435 691 4504 sames
716 4445 781 4513 ost,
808 4442 845 4503 ut
869 4433 970 4505 valde
991 4432 1178 4507 esurientis
1201 4436 1244 4519 ,in

165 4576 311 4641 morem,
333 4556 391 4649 qui
412 4557 484 4628 coci
512 4553 694 4627 artificium
724 4578 791 4627 non
827 4556 985 4647 requirit,
1011 4554 1166 4629 fiendum
1193 4582 1242 4635 ex
