2834 5086
593 324 749 373 urusroun
769 325 809 374 ur.
1177 311 1238 373 tta

166 469 255 541 enim
276 468 370 561 quod
390 488 474 558 erga
495 485 679 559 personam
706 475 862 538 vestram
888 463 1001 538 fidelis
1022 466 1234 550 invenietur,

165 602 199 663 et
219 591 254 661 in
274 590 459 663 commisso
480 585 547 658 sibi
572 587 684 661 officio
702 587 998 682 circumspectus:
1019 596 1055 658 et
1075 609 1149 679 ego,
1177 591 1236 683 qui

164 722 283 785 vester
300 733 388 796 sum,
403 707 504 780 vobis
520 732 567 781 ex
584 708 649 781 boo
666 707 840 782 obnoxius
857 707 1047 800 obligabor.
1067 708 1102 778 Si
1121 722 1236 782 autem

164 857 232 928 ego
249 834 326 905 vice
339 853 441 904 versa
455 851 593 923 possem
609 833 695 903 forte
707 831 837 925 aliquid
852 830 951 904 vobis
964 840 1114 923 gratum,
1128 830 1238 900 Deum

166 964 281 1039 testor,
306 976 444 1046 semper
474 953 588 1025 animo
613 975 691 1025 sum
714 966 867 1046 paratus.
890 953 1050 1024 Christus
1082 950 1238 1044 omnipo-

169 1089 244 1149 tens
267 1098 332 1148 vos
352 1089 538 1149 conservet
558 1077 592 1147 iu
616 1086 709 1150 statu
729 1098 897 1170 prospero
917 1083 953 1146 et
973 1074 1167 1167 tranquillo.

238 1201 390 1271 Devotus
406 1208 525 1270 vester
537 1200 745 1272 Francisous
765 1199 925 1271 Petrarca
945 1219 994 1282 se,
1017 1196 1046 1267 si
1066 1196 1151 1290 quId
1169 1210 1234 1268 est.

275 1345 426 1416 Arquadae,
443 1343 509 1399 XIII
524 1343 696 1400 Novembris.

541 1767 717 1833 EPISTULA
738 1767 792 1832 LII.

222 1936 414 1987 Futuclscus
436 1934 604 1985 Puruoucn
625 1935 791 1984 STEPHANI)
814 1933 971 1986 COLUHNAE
993 1936 1178 1988 PRAEPOSI'IO

527 2034 553 2083 S.
576 2034 719 2084 inuuunt
740 2033 766 2082 S.
788 2034 816 2082 P.
840 2035 870 2083 n.

241 2168 423 2225 Solitudinem
436 2167 545 2239 laudat,
561 2168 691 2242 doletque
706 2185 736 2224 se
751 2169 812 2224 eius
826 2169 932 2226 usundi
947 2185 995 2242 spe
1009 2169 1150 2225 cecidisse.

261 2411 352 2495 Quid
384 2412 621 2485 delectationis
645 2424 681 2483 et
705 2412 791 2506 quid
811 2414 928 2505 gaudii
957 2416 1024 2486 tuIs
1045 2436 1093 2485 ex
1113 2415 1236 2486 litteris

164 2533 297 2627 capiam
324 2553 392 2603 non
414 2535 511 2605 tacite
529 2532 703 2604 dixerim:
726 2534 787 2616 ita,
822 2549 951 2628 praeter
983 2535 1079 2628 quod
1110 2556 1174 2628 per
1199 2557 1238 2607 se

166 2656 286 2728 faciles
308 2677 349 2728 ao
369 2654 542 2741 iucundae,
563 2654 767 2728 ardentibus
787 2659 892 2729 etiam
918 2656 963 2728 ad
989 2657 1153 2729 virtutem
1177 2657 1239 2729 sti-

166 2775 269 2849 muIIs
295 2779 409 2870 plenae
433 2775 478 2849 ad
509 2799 564 2849 me
594 2777 756 2862 veniunt,
783 2789 819 2850 et
844 2778 938 2850 iilum
965 2777 1047 2849 mibi
1067 2788 1238 2872 preterea

165 2911 434 2995 repraesentant,
474 2924 578 2996 quern
612 2901 732 2996 quanti
765 2904 890 2976 seciam
919 2902 1110 2975 bonestius
1146 2899 1240 2995 apud

164 3045 375 3118 quemquam
411 3025 514 3097 alium
549 3026 613 3098 sim
645 3026 815 3101 dicturus.
842 3027 918 3100 Non
943 3046 1101 3119 exequar
1133 3046 1237 3117 quam

165 3146 422 3238 penetrabiliter
442 3149 477 3218 in
498 3170 558 3221 eor
582 3171 698 3221 meum
723 3150 944 3224 descenderit
971 3148 1026 3220 iiia
1057 3168 1139 3241 pars
1165 3146 1238 3241 epi-

166 3269 265 3339 stotae
291 3268 348 3340 ubi
374 3271 520 3343 fortunae
542 3271 666 3343 iniuria
687 3282 899 3366 praereptum
923 3269 1023 3342 nobis
1049 3271 1156 3340 otium
1178 3270 1238 3342 de-

166 3388 253 3461 fles:
277 3391 454 3482 quamvis,
478 3393 571 3486 quod
591 3394 637 3466 ad
659 3416 713 3464 me
738 3392 875 3477 attinet,
897 3401 933 3463 et
950 3392 1010 3463 Dei
1038 3415 1183 3464 munere
1204 3403 1238 3463 et

166 3511 279 3584 studio
300 3523 404 3604 atque
425 3524 498 3586 arte
518 3515 667 3609 quadam
688 3537 756 3586 non
778 3514 939 3586 omuibus
967 3516 1072 3600 faciti,
1098 3514 1238 3607 quando

165 3634 259 3706 aliud
279 3657 347 3707 non
370 3657 529 3728 possum,
552 3637 586 3706 in
608 3637 732 3710 mediis
754 3636 899 3709 urbibus
920 3638 995 3732 ipse
1014 3638 1098 3709 mibi
1117 3638 1237 3710 solitu-

166 3757 282 3830 dinem
303 3770 407 3852 atque
432 3760 541 3830 otium
566 3759 716 3831 oontIaro
740 3758 942 3842 didicerim;
968 3771 1158 3852 contraque
1184 3780 1239 3831 re·

169 3903 243 3952 rum
270 3892 375 3975 atque
401 3882 578 3981 bominum
612 3880 748 3953 fastidia
781 3905 886 3955 aures
921 3893 1025 3975 atque
1058 3884 1177 3954 ocutos
1202 3892 1238 3952 et

168 4004 309 4095 proinde
329 4007 481 4078 animum
502 4004 695 4079 obstruere.
717 4003 819 4089 Quod
840 4027 931 4077 nuno
953 4005 1105 4077 maxime
1124 4000 1233 4075 facio:

167 4123 317 4221 alioquin
337 4133 438 4224 plane
459 4128 614 4223 perditus
635 4138 671 4202 et
693 4141 922 4224 consumptus
955 4148 1081 4202 essem.
1110 4128 1234 4202 Veram
