2670 4688
320 332 413 382 tinno
435 331 962 382 vrcnsnrnsrnnrtus.—nrrsrona
985 332 1016 379 n.
1150 316 1208 377 tao

132 499 206 549 men
220 496 385 570 occupes,
401 476 463 546 sed
479 487 514 545 ut
528 496 662 565 regnes,
679 484 717 543 ut
734 476 892 566 imperes,
908 485 944 546 ut
957 474 1093 546 afflictis
1106 494 1207 567 opem

130 600 232 670 rebus
252 601 356 669 ieras.
378 598 469 681 Quid
491 607 524 666 te
545 595 738 677 subtrahiS,
757 595 843 688 quid
864 594 898 665 in
920 599 1110 668 crastinum
1131 617 1209 689 pro·

128 723 262 792 minens
284 719 490 791 hodiernum
509 717 687 811 prodigis?
704 715 828 787 Nullus
845 717 880 786 in
900 716 1067 788 hodierna
1086 740 1208 789 neces·

128 847 230 915 sitate
249 844 401 914 crastino
421 845 519 911 iocus
538 848 604 910 est.
625 839 694 909 Fac
719 849 755 907 tu
782 838 885 909 bodie
910 839 1006 931 quod
1032 839 1209 910 incumbit:

128 987 207 1036 cras
229 964 259 1034 si
277 962 362 1055 quid
378 962 570 1043 emerserit,
592 963 645 1031 vel
662 969 697 1032 tu
710 963 830 1045 facies,
850 963 905 1032 vei
925 962 1029 1033 alius:
1047 984 1115 1033 non
1128 961 1210 1034 dee·

128 1098 210 1157 runt
230 1085 446 1178 temporibus
469 1084 523 1154 sui
543 1082 666 1168 duceS,
687 1093 723 1153 et
736 1093 774 1153 ut
786 1083 912 1169 desint,
934 1106 1113 1176 nunqnam
1128 1083 1210 1155 atie·

129 1229 185 1278 nae
210 1208 362 1298 ignaviae
387 1228 469 1278 reus
495 1204 570 1276 fies.
597 1207 648 1278 Tu
672 1228 716 1276 ne
743 1206 890 1300 tempori
916 1217 975 1277 tuo
994 1205 1091 1278 desis
1114 1228 1210 1278 cura.

128 1329 236 1400 Porro
256 1350 334 1400 cras
355 1327 450 1398 istud
469 1326 562 1420 quod
585 1349 778 1422 suspensos
796 1337 890 1400 tenet
910 1341 945 1399 et
965 1328 1096 1399 inertes
1117 1326 1209 1412 facit,

127 1450 292 1543 quodque
303 1449 405 1543 quasi
420 1462 606 1521 venturum
624 1464 837 1544 expectatur,
852 1452 920 1523 iam
934 1450 1116 1544 praeteriit:
1135 1452 1212 1522 nnl-

128 1574 182 1642 lus
202 1572 304 1654 enim,
328 1579 456 1663 praeter
477 1570 636 1663 primum,
662 1571 748 1654 dies,
777 1593 844 1642 non
866 1562 934 1644 (ssei
961 1572 1105 1643 alterins
1131 1593 1210 1643 cras

127 1695 240 1765 fuerit.
267 1694 329 1765 Vis
358 1693 480 1763 audire
505 1691 590 1784 quid
616 1691 672 1763 hic
698 1692 899 1766 adolescens
933 1704 1033 1787 poeta
1066 1694 1209 1788 quidam

126 1814 242 1886 dicat?

246 1994 319 2058 Cras
335 1996 393 2057 troc
410 1997 473 2058 iret:
492 1995 575 2059 idem
591 2011 658 2059 cras
675 1995 746 2059 siet:
764 1995 861 2075 qnid‘i
879 1995 970 2068 Quasi
987 2012 1134 2075 magnum

245 2094 359 2174 Nempe
374 2094 457 2158 diem
474 2096 587 2160 donas‘i
604 2094 662 2158 Sed
679 2109 750 2156 cum
767 2094 821 2157 iun
838 2095 931 2156 attera
947 2095 1050 2172 uenit,

241 2192 303 2254 iam
319 2206 386 2254 cras
402 2191 581 2254 hesternum
599 2190 867 2271 consumpsimus:
886 2206 955 2254 ecce
970 2192 1052 2255 aliud
1069 2205 1137 2254 cras

242 2291 346 2368 Egerit
362 2291 417 2352 hos
434 2305 546 2366 annos,
564 2297 593 2352 et
610 2306 732 2371 semper
749 2290 875 2369 paulum
892 2291 952 2353 erit
968 2292 1065 2354 nitra:

244 2388 320 2449 Nam
336 2388 480 2466 qrramris
496 2403 591 2467 prope
608 2395 652 2463 te,
670 2389 814 2465 quamuis
831 2395 953 2450 temone
969 2389 1026 2451 snb
1042 2404 1104 2450 uno

243 2484 417 2545 vertentem
435 2499 517 2560 sese,
535 2485 647 2547 trustra
664 2486 818 2546 sectabere
834 2485 990 2558 canthum,

245 2579 323 2643 Cum
339 2587 404 2642 rota
423 2583 574 2660 posterior
592 2597 713 2656 curras,
732 2589 762 2643 et
779 2582 812 2642 in
829 2596 886 2644 axe
904 2581 1047 2644 secundo.

124 2775 213 2859 Quid
237 2777 367 2869 igitur?
386 2777 440 2849 An
461 2790 565 2851 aetate
585 2779 726 2850 Persius
748 2781 929 2873 inexperta
946 2791 981 2850 et
998 2779 1124 2852 acerba
1144 2806 1207 2876 pn·

125 2899 248 2971 blicam
274 2903 468 2974 coecitatem
493 2903 651 2975 funditus
678 2903 902 2996 introspexit,
925 2915 1043 2976 nostra
1065 2904 1100 2977 id
1120 2916 1206 2976 aetas

125 3025 291 3096 maturior
311 3048 380 3098 non
403 3025 554 3096 videbit?
574 3025 721 3119 Aperire
746 3028 865 3098 ocutos
885 3036 921 3097 et
942 3025 1051 3119 figere
1072 3028 1206 3099 animos

122 3155 257 3236 oportet
278 3168 321 3216 ne
339 3149 505 3232 fallamur,
519 3157 687 3220 eterror'o
701 3149 761 3241 qui
778 3150 905 3240 corrigi
925 3161 1074 3240 nequeat
1094 3146 1207 3243 impii-

122 3288 253 3337 cemnr.
276 3265 366 3347 Quid
386 3291 472 3339 vero
491 3292 585 3341 nunc
612 3270 764 3342 ostiatim
788 3283 967 3364 poetarum
989 3271 1113 3341 domos
1133 3292 1206 3341 arn·

122 3389 197 3474 bio,
219 3387 286 3458 nisi
309 3398 348 3457 ut
367 3412 470 3481 quem
498 3391 640 3462 forsitan
667 3414 745 3462 mea
771 3413 844 3462 vox
869 3393 1083 3465 auctoritatis
1106 3393 1206 3484 inops

122 3531 190 3580 non
209 3508 387 3591 movisset,
404 3519 575 3582 tantorum
596 3513 793 3584 testimonio
811 3516 1207 3606 movear·e‘?Nemopoe·

123 3641 234 3702 iarum
258 3645 317 3703 aut
336 3616 622 3725 pbilosophorum
644 3636 723 3720 tuit,
739 3637 797 3729 qui
815 3661 882 3709 non
907 3637 995 3709 idem
1020 3649 1054 3707 et
1074 3636 1207 3707 diceret

120 3766 156 3825 ot
177 3753 335 3826 sentiret:
356 3755 538 3826 discordes
560 3759 712 3827 etmulti
736 3759 792 3829 hic
809 3761 1030 3830 conveniunt.
1053 3759 1153 3841 Quod
1175 3757 1204 3828 si

122 3896 243 3949 omnes
266 3889 403 3950 taceant
422 3888 482 3947 aut
501 3888 646 3969 negent,
670 3893 777 3964 certe,
801 3893 838 3951 ut
858 3881 926 3951 dici
942 3884 1037 3967 solet,
1058 3885 1133 3974 ipsa
1146 3902 1203 3951 res

120 3999 283 4091 loquitur,
306 4013 342 4071 et
365 4001 393 4072 si
420 3999 643 4073 dissimulare
669 4001 855 4095 quisquam
879 4003 974 4089 veiit,
997 4003 1122 4076 sentiet
1146 4008 1203 4076 vei

122 4121 261 4195 inuitus.
289 4124 399 4194 Sinin
427 4126 558 4198 foribus
579 4125 799 4219 experientia
820 4137 888 4212 est,
912 4148 1018 4220 seque
1046 4129 1104 4200 vel
1123 4148 1205 4198 con-
