2670 4688
326 280 418 329 crunn
440 279 944 330 vrcusnrusrnnrus,—nrrsruut
968 284 1019 330 ιιι.
1173 271 1212 331 uu

141 419 219 488 anni
242 417 389 511 spatium
411 417 454 489 ad
475 435 506 488 te
527 431 560 489 ct
582 418 625 489 ad
644 431 737 489 tuum
758 420 934 490 Bolncmim
956 421 1087 511 regiain
1108 418 1211 491 ambo

140 541 269 633 pariter
294 541 390 611 missi
421 563 554 625 sumus,
584 542 665 612 nihil
691 544 763 613 lero
791 564 851 634 per
880 555 947 612 tam
976 545 1116 634 longum
1144 542 1211 612 viae

140 676 283 736 tractum
305 665 371 735 nisi
398 665 441 735 de
467 680 499 736 te
520 668 700 757 loquentes
726 664 839 757 deque
863 666 910 733 tui
931 666 1066 758 lmporii
1093 664 1209 737 rebus.

139 788 182 857 Et
207 785 252 857 ad
273 809 443 858 summam
465 800 524 859 aut
549 789 624 881 ipse
646 790 788 859 nimium
811 798 963 870 astutus,
987 798 1047 858 aut
1067 811 1133 880 ego
1160 789 1210 859 ni-

139 909 246 981 mium
269 911 363 982 rodis
386 933 487 981 sum:
511 922 570 981 aut
596 912 651 981 hic
672 921 705 981 te
728 923 893 1003 tuumque
915 933 1038 981 nomen
1059 922 1094 982 et
1120 914 1211 982 saln-

68 1063 71 1068 ·
141 1043 208 1106 tem
232 1045 325 1105 tuam
346 1053 419 1126 prae
438 1033 571 1104 cunetis
593 1033 669 1104 aliis
690 1033 764 1104 suis
782 1033 963 1105 affectibus
980 1033 1073 1104 cordi
1095 1034 1208 1115 habet,

138 1168 173 1226 ot
193 1155 282 1227 adeo
307 1157 384 1248 plus
412 1165 490 1225 tuus
511 1167 566 1227 est
591 1166 628 1226 ut
653 1157 768 1227 nullus
793 1175 895 1249 aeque
915 1156 973 1238 sit,
1002 1178 1127 1248 nempe
1151 1157 1210 1248 qui

140 1275 249 1349 fixum
276 1277 402 1349 habeat
429 1280 461 1348 in
491 1256 550 1349 tou
578 1288 669 1349 statu
696 1300 799 1350 suum
831 1281 993 1350 statulum
1025 1279 1209 1361 contineri,

137 1401 262 1493 cuique
283 1412 442 1471 votorum
461 1403 614 1472 omnium
638 1423 773 1471 summa
791 1401 835 1471 sit
855 1401 921 1471 sub
943 1414 974 1472 to
996 1403 1124 1484 virere,
1145 1401 1211 1472 sub

139 1534 173 1593 te
189 1522 287 1593 mori.
305 1522 380 1614 Ego
392 1537 507 1595 autem
521 1525 555 1593 in
569 1548 605 1596 re
620 1526 812 1596 certissima
830 1525 931 1594 nimis
948 1545 1079 1594 versor.
1094 1525 1208 1607 Parce,

137 1669 219 1718 oro:
240 1658 275 1717 et
295 1647 340 1719 dc
357 1647 415 1718 illo
436 1645 539 1740 loqui,
559 1657 593 1716 et
608 1657 640 1718 te
654 1647 781 1740 alloqui
802 1647 904 1719 dulce
923 1658 987 1718 ost.
1006 1647 1105 1718 Nunc
1124 1668 1211 1717 vero

137 1794 257 1865 preces
284 1766 487 1855 insererem,
515 1770 580 1841 nisi
606 1771 687 1862 quia
720 1772 863 1839 multum
897 1768 1015 1855 habet,
1047 1769 1140 1861 quod
1165 1768 1209 1839 de

136 1895 272 1965 fortuna
294 1894 431 1988 propria
449 1894 546 1986 queri
560 1893 677 1988 possit,
694 1891 722 1962 si
741 1892 833 1985 apud
851 1902 884 1962 te
905 1893 950 1961 illi
969 1895 1023 1962 rel
1047 1912 1133 1963 meae
1151 1893 1208 1961 vel

136 2017 306 2110 cuiusque
332 2017 542 2088 necessariae
566 2038 688 2111 preces
719 2027 808 2086 sunt.
843 2017 966 2087 Testor
995 2016 1208 2086 maiestatem

137 2152 247 2225 tuam,
270 2141 401 2225 Caesar,
424 2162 504 2233 quae
526 2139 608 2208 milri
628 2139 729 2232 quasi
750 2139 942 2230 cuiuspiam
964 2138 1115 2209 numinis
1135 2139 1210 2207 loco

135 2274 203 2348 est,
230 2264 345 2335 virum
373 2264 464 2334 hunc
491 2263 653 2334 Caesareo
683 2264 805 2334 lavore
830 2261 1084 2353 dignissimum.
1111 2259 1209 2330 Nosti

136 2385 323 2467 hominem,
345 2385 550 2476 Imperator,
571 2386 630 2476 qui
651 2386 679 2454 si
703 2384 762 2454 tibi
785 2406 923 2477 semper
943 2384 1103 2474 cognitus
1123 2383 1208 2453 tuis-

138 2517 205 2585 set,
232 2501 396 2572 auderem
427 2515 542 2573 tannen
569 2526 738 2587 asserere,
766 2527 832 2575 non
865 2505 1044 2596 indignum
1075 2517 1113 2575 ut
1139 2517 1206 2576 tam

138 2623 270 2692 strenui
292 2622 408 2691 militis
433 2623 603 2714 obsequio
629 2625 677 2692 uti
702 2627 822 2705 velleS,
851 2624 954 2716 idque
980 2624 1034 2693 vel
1057 2624 1208 2694 maximo

137 2744 179 2816 ad
201 2758 293 2816 tuam
316 2745 542 2816 immortalem
561 2747 705 2838 gloriam
727 2747 914 2839 pertinere:
935 2754 972 2816 ut
991 2768 1070 2818 cum
1087 2747 1206 2817 caeteri

132 2869 304 2963 principes
330 2871 515 2964 cunctique
539 2871 612 2941 fera
637 2871 798 2940 mortales
831 2880 866 2940 ct
891 2892 976 2942 auro
1007 2869 1140 2942 inhient
1173 2878 1208 2941 et

133 2990 369 3086 vuluptatibus
390 2993 611 3078 famulentur,
634 2993 794 3087 princeps
814 3014 977 3065 romanus
999 2993 1147 3086 primum
1170 2992 1206 3063 in

134 3114 329 3186 hominibus
350 3117 463 3186 locum
486 3127 607 3188 tenens
628 3128 662 3188 et
681 3118 755 3188 haec
776 3138 823 3186 ox
842 3118 911 3187 alto
929 3117 1125 3208 despiciens
1143 3112 1205 3185 de-

104 3234 373 3306 lectationibus
413 3237 489 3308 aliis
529 3250 641 3318 vacet,
674 3247 709 3309 et
731 3239 885 3308 ‘aliarum
919 3259 1040 3329 opum,
1071 3233 1204 3306 consilii

134 3355 266 3426 scilicet
285 3377 326 3426 ac
346 3358 485 3431 virtutis
506 3370 610 3453 atque
630 3360 664 3429 in
686 3361 806 3453 primis
824 3360 1007 3430 illustrium
1026 3356 1206 3429 abundan-

133 3477 290 3547 tissimus
316 3479 362 3548 sit
382 3480 546 3552 virorum.
566 3483 655 3552 Ecce
672 3504 763 3552 nunc
777 3504 878 3573 erge,
905 3480 1013 3551 decus
1035 3487 1216 3558 nostrum,
1320 3513 1323 3518 .

133 3599 225 3692 quod
238 3599 518 3684 dicebamamor
531 3606 608 3674 fecit
621 3604 799 3676 audacem.
810 3605 910 3687 Vivo,
926 3604 1053 3686 Caesar,
1067 3615 1102 3672 et
1115 3601 1201 3685 vale,

133 3724 232 3795 etde
253 3733 298 3809 to,
321 3724 420 3796 etde
442 3724 560 3810 nohis,
583 3738 617 3797 et
637 3727 680 3798 de
700 3727 849 3820 Imperio
870 3725 994 3816 cogita.

274 3871 431 3938 Mediolani,
447 3870 520 3924 Vlll.
539 3870 674 3925 Kalendas
690 3872 800 3942 Aprilis.
