<?xml version="1.0" encoding="UTF-8"?>
<!DOCTYPE html PUBLIC "-//W3C//DTD XHTML 1.0 Transitional//EN"
    "http://www.w3.org/TR/xhtml1/DTD/xhtml1-transitional.dtd">
<html xmlns="http://www.w3.org/1999/xhtml" xml:lang="en" lang="en">
 <head>
  <title>
</title>
<meta http-equiv="Content-Type" content="text/html;charset=utf-8" />
  <meta name='ocr-system' content='tesseract 3.04.00' />
  <meta name='ocr-capabilities' content='ocr_page ocr_carea ocr_par ocr_line ocrx_word'/>
</head>
<body>
  <div class='ocr_page' id='page_1' title='image "./epistolaederebu01fracgoog_0493.png"; bbox 0 0 2834 5086; ppageno 0'>
   <div class='ocr_carea' id='block_1_1' title="bbox 215 699 948 761">
    <p class='ocr_par' dir='ltr' id='par_1_1' title="bbox 215 699 948 761">
     <span class='ocr_line' id='line_1_1' title="bbox 215 699 948 761; baseline -0.001 -2"><span class='ocrx_word' id='word_1_1' title='bbox 215 699 272 760; x_wconf 81' lang='grc' dir='ltr'><strong>ιιιι</strong></span> <span class='ocrx_word' id='word_1_2' title='bbox 558 712 713 761; x_wconf 77' lang='lat' dir='ltr'>‚trrrnour</span> <span class='ocrx_word' id='word_1_3' title='bbox 736 711 948 761; x_wconf 75' lang='lat' dir='ltr'>irrrenrnuu.</span> 
     </span>
    </p>
   </div>
   <div class='ocr_carea' id='block_1_2' title="bbox 124 853 1287 4624">
    <p class='ocr_par' dir='ltr' id='par_1_2' title="bbox 124 853 1287 4624">
     <span class='ocr_line' id='line_1_2' title="bbox 215 853 1286 948; baseline -0.002 -22"><span class='ocrx_word' id='word_1_4' title='bbox 215 877 314 927; x_wconf 87' lang='lat' dir='ltr'>saevo</span> <span class='ocrx_word' id='word_1_5' title='bbox 334 853 564 948; x_wconf 89' lang='lat' dir='ltr'>quorumlibet</span> <span class='ocrx_word' id='word_1_6' title='bbox 583 854 725 927; x_wconf 89' lang='lat' dir='ltr'>arbitrio</span> <span class='ocrx_word' id='word_1_7' title='bbox 750 855 931 926; x_wconf 80' lang='lat' dir='ltr'><strong>violantur.</strong></span> <span class='ocrx_word' id='word_1_8' title='bbox 954 854 1003 924; x_wconf 92' lang='lat' dir='ltr'>Ne</span> <span class='ocrx_word' id='word_1_9' title='bbox 1024 856 1115 924; x_wconf 88' lang='lat' dir='ltr'>enim</span> <span class='ocrx_word' id='word_1_10' title='bbox 1142 876 1286 926; x_wconf 88' lang='lat' dir='ltr'>causam</span> 
     </span>
     <span class='ocr_line' id='line_1_3' title="bbox 215 975 1287 1069; baseline -0.001 -22"><span class='ocrx_word' id='word_1_11' title='bbox 215 978 396 1068; x_wconf 80' lang='lat' dir='ltr'>ignoreliS,</span> <span class='ocrx_word' id='word_1_12' title='bbox 417 975 480 1045; x_wconf 86' lang='lat' dir='ltr'>viri</span> <span class='ocrx_word' id='word_1_13' title='bbox 503 975 671 1058; x_wconf 61' lang='lat' dir='ltr'>illustrem</span> <span class='ocrx_word' id='word_1_14' title='bbox 693 998 760 1067; x_wconf 84' lang='lat' dir='ltr'>qua</span> <span class='ocrx_word' id='word_1_15' title='bbox 775 978 855 1048; x_wconf 92' lang='lat' dir='ltr'>olim</span> <span class='ocrx_word' id='word_1_16' title='bbox 872 986 1022 1069; x_wconf 87' lang='lat' dir='ltr'>caputet</span> <span class='ocrx_word' id='word_1_17' title='bbox 1044 987 1172 1060; x_wconf 90' lang='lat' dir='ltr'>rector,</span> <span class='ocrx_word' id='word_1_18' title='bbox 1193 999 1287 1047; x_wconf 91' lang='lat' dir='ltr'>nunc</span> 
     </span>
     <span class='ocr_line' id='line_1_4' title="bbox 214 1099 1285 1193; baseline -0.003 -23"><span class='ocrx_word' id='word_1_19' title='bbox 214 1100 300 1170; x_wconf 88' lang='lat' dir='ltr'>civis</span> <span class='ocrx_word' id='word_1_20' title='bbox 320 1099 431 1170; x_wconf 88' lang='lat' dir='ltr'>dicam</span> <span class='ocrx_word' id='word_1_21' title='bbox 454 1121 498 1168; x_wconf 89' lang='lat' dir='ltr'>an</span> <span class='ocrx_word' id='word_1_22' title='bbox 515 1102 598 1168; x_wconf 83' lang='lat' dir='ltr'>exul</span> <span class='ocrx_word' id='word_1_23' title='bbox 620 1110 736 1170; x_wconf 89' lang='lat' dir='ltr'>vester</span> <span class='ocrx_word' id='word_1_24' title='bbox 752 1099 973 1193; x_wconf 80' lang='lat' dir='ltr'>opprimitur,</span> <span class='ocrx_word' id='word_1_25' title='bbox 1008 1122 1082 1169; x_wconf 92' lang='lat' dir='ltr'>rem</span> <span class='ocrx_word' id='word_1_26' title='bbox 1109 1099 1223 1169; x_wconf 87' lang='lat' dir='ltr'>nescio</span> <span class='ocrx_word' id='word_1_27' title='bbox 1240 1119 1285 1167; x_wconf 90' lang='lat' dir='ltr'>au</span> 
     </span>
     <span class='ocr_line' id='line_1_5' title="bbox 214 1220 1286 1313; baseline 0.001 -22"><span class='ocrx_word' id='word_1_28' title='bbox 214 1221 314 1292; x_wconf 91' lang='lat' dir='ltr'>vobis</span> <span class='ocrx_word' id='word_1_29' title='bbox 332 1221 556 1312; x_wconf 85' lang='lat' dir='ltr'>incognitam,</span> <span class='ocrx_word' id='word_1_30' title='bbox 572 1220 633 1291; x_wconf 90' lang='lat' dir='ltr'>sed</span> <span class='ocrx_word' id='word_1_31' title='bbox 648 1230 741 1292; x_wconf 91' lang='lat' dir='ltr'>certe</span> <span class='ocrx_word' id='word_1_32' title='bbox 757 1220 948 1293; x_wconf 90' lang='lat' dir='ltr'>mirabilem</span> <span class='ocrx_word' id='word_1_33' title='bbox 970 1230 1006 1292; x_wconf 91' lang='grc' dir='ltr'><strong>ει</strong></span> <span class='ocrx_word' id='word_1_34' title='bbox 1025 1221 1203 1313; x_wconf 82' lang='lat' dir='ltr'>indignam</span> <span class='ocrx_word' id='word_1_35' title='bbox 1224 1243 1286 1292; x_wconf 90' lang='lat' dir='ltr'>au·</span> 
     </span>
     <span class='ocr_line' id='line_1_6' title="bbox 214 1343 1285 1435; baseline 0.001 -21"><span class='ocrx_word' id='word_1_36' title='bbox 214 1344 325 1415; x_wconf 85' lang='lat' dir='ltr'>dietis</span> <span class='ocrx_word' id='word_1_37' title='bbox 349 1344 423 1414; x_wconf 93' lang='lat' dir='ltr'>Non</span> <span class='ocrx_word' id='word_1_38' title='bbox 442 1343 496 1413; x_wconf 91' lang='lat' dir='ltr'>ille</span> <span class='ocrx_word' id='word_1_39' title='bbox 512 1344 651 1435; x_wconf 87' lang='lat' dir='ltr'>quidem</span> <span class='ocrx_word' id='word_1_40' title='bbox 665 1346 847 1435; x_wconf 76' lang='lat' dir='ltr'>neglectae,</span> <span class='ocrx_word' id='word_1_41' title='bbox 872 1345 934 1416; x_wconf 90' lang='lat' dir='ltr'>sed</span> <span class='ocrx_word' id='word_1_42' title='bbox 948 1344 1104 1415; x_wconf 85' lang='lat' dir='ltr'>defensae</span> <span class='ocrx_word' id='word_1_43' title='bbox 1119 1343 1285 1415; x_wconf 78' lang='lat' dir='ltr'>libertatis</span> 
     </span>
     <span class='ocr_line' id='line_1_7' title="bbox 213 1463 1287 1557; baseline -0.001 -23"><span class='ocrx_word' id='word_1_44' title='bbox 213 1464 382 1554; x_wconf 83' lang='lat' dir='ltr'>arguitur3</span> <span class='ocrx_word' id='word_1_45' title='bbox 398 1485 460 1534; x_wconf 89' lang='lat' dir='ltr'>nec</span> <span class='ocrx_word' id='word_1_46' title='bbox 477 1464 618 1549; x_wconf 81' lang='lat' dir='ltr'>deserti,</span> <span class='ocrx_word' id='word_1_47' title='bbox 640 1463 703 1534; x_wconf 92' lang='lat' dir='ltr'>sed</span> <span class='ocrx_word' id='word_1_48' title='bbox 717 1464 872 1557; x_wconf 89' lang='lat' dir='ltr'>occupati</span> <span class='ocrx_word' id='word_1_49' title='bbox 891 1463 1044 1556; x_wconf 89' lang='lat' dir='ltr'>Capitolii</span> <span class='ocrx_word' id='word_1_50' title='bbox 1067 1485 1147 1534; x_wconf 91' lang='lat' dir='ltr'>reus</span> <span class='ocrx_word' id='word_1_51' title='bbox 1163 1474 1228 1534; x_wconf 90' lang='grc' dir='ltr'><strong>εει.</strong></span> <span class='ocrx_word' id='word_1_52' title='bbox 1243 1465 1287 1533; x_wconf 95' lang='lat' dir='ltr'>ll-</span> 
     </span>
     <span class='ocr_line' id='line_1_8' title="bbox 214 1586 1287 1681; baseline -0.002 -25"><span class='ocrx_word' id='word_1_53' title='bbox 214 1587 273 1657; x_wconf 89' lang='lat' dir='ltr'>lud</span> <span class='ocrx_word' id='word_1_54' title='bbox 295 1586 359 1656; x_wconf 91' lang='lat' dir='ltr'>sibi</span> <span class='ocrx_word' id='word_1_55' title='bbox 379 1608 567 1671; x_wconf 88' lang='lat' dir='ltr'>summum,</span> <span class='ocrx_word' id='word_1_56' title='bbox 589 1598 624 1657; x_wconf 92' lang='lat' dir='ltr'>et</span> <span class='ocrx_word' id='word_1_57' title='bbox 644 1587 806 1658; x_wconf 91' lang='lat' dir='ltr'>crucibus</span> <span class='ocrx_word' id='word_1_58' title='bbox 830 1587 1040 1681; x_wconf 87' lang='lat' dir='ltr'>expiandum</span> <span class='ocrx_word' id='word_1_59' title='bbox 1064 1588 1177 1656; x_wconf 90' lang='lat' dir='ltr'>scelus</span> <span class='ocrx_word' id='word_1_60' title='bbox 1200 1586 1287 1657; x_wconf 92' lang='lat' dir='ltr'>obii-</span> 
     </span>
     <span class='ocr_line' id='line_1_9' title="bbox 212 1701 1284 1804; baseline 0 -24"><span class='ocrx_word' id='word_1_61' title='bbox 212 1711 300 1780; x_wconf 83' lang='lat' dir='ltr'>citur</span> <span class='ocrx_word' id='word_1_62' title='bbox 316 1709 410 1801; x_wconf 89' lang='lat' dir='ltr'>quod</span> <span class='ocrx_word' id='word_1_63' title='bbox 431 1710 601 1781; x_wconf 86' lang='lat' dir='ltr'>affirmare</span> <span class='ocrx_word' id='word_1_64' title='bbox 622 1712 886 1804; x_wconf 72' lang='lat' dir='ltr'>praesumpserit</span> <span class='ocrx_word' id='word_1_65' title='bbox 906 1701 1084 1781; x_wconf 87' lang='lat' dir='ltr'>roma&#39;num</span> <span class='ocrx_word' id='word_1_66' title='bbox 1099 1709 1284 1803; x_wconf 89' lang='lat' dir='ltr'>imperium</span> 
     </span>
     <span class='ocr_line' id='line_1_10' title="bbox 213 1833 1283 1926; baseline 0.002 -26"><span class='ocrx_word' id='word_1_67' title='bbox 213 1833 426 1904; x_wconf 87' lang='lat' dir='ltr'>nuncetiam</span> <span class='ocrx_word' id='word_1_68' title='bbox 454 1834 573 1902; x_wconf 85' lang='lat' dir='ltr'>Romae</span> <span class='ocrx_word' id='word_1_69' title='bbox 607 1843 641 1904; x_wconf 90' lang='lat' dir='ltr'>et</span> <span class='ocrx_word' id='word_1_70' title='bbox 671 1854 775 1925; x_wconf 87' lang='lat' dir='ltr'>penes</span> <span class='ocrx_word' id='word_1_71' title='bbox 801 1836 965 1926; x_wconf 91' lang='lat' dir='ltr'>populum</span> <span class='ocrx_word' id='word_1_72' title='bbox 988 1854 1169 1903; x_wconf 88' lang='lat' dir='ltr'>romanum</span> <span class='ocrx_word' id='word_1_73' title='bbox 1192 1854 1283 1905; x_wconf 88' lang='lat' dir='ltr'>esse.</span> 
     </span>
     <span class='ocr_line' id='line_1_11' title="bbox 211 1954 1286 2047; baseline 0.002 -21"><span class='ocrx_word' id='word_1_74' title='bbox 211 1954 282 2026; x_wconf 90' lang='lat' dir='ltr'>Ob!</span> <span class='ocrx_word' id='word_1_75' title='bbox 300 1955 402 2047; x_wconf 88' lang='lat' dir='ltr'>impia</span> <span class='ocrx_word' id='word_1_76' title='bbox 417 1957 555 2026; x_wconf 83' lang='lat' dir='ltr'>saecula.</span> <span class='ocrx_word' id='word_1_77' title='bbox 572 1955 641 2024; x_wconf 83' lang='lat' dir='ltr'>Ob!</span> <span class='ocrx_word' id='word_1_78' title='bbox 662 1958 886 2027; x_wconf 84' lang='lat' dir='ltr'>truculentam</span> <span class='ocrx_word' id='word_1_79' title='bbox 904 1954 1162 2025; x_wconf 82' lang='lat' dir='ltr'>invidiamOb!</span> <span class='ocrx_word' id='word_1_80' title='bbox 1181 1958 1286 2028; x_wconf 89' lang='lat' dir='ltr'>male·</span> 
     </span>
     <span class='ocr_line' id='line_1_12' title="bbox 211 2076 1285 2150; baseline 0.003 -3"><span class='ocrx_word' id='word_1_81' title='bbox 211 2079 396 2149; x_wconf 86' lang='lat' dir='ltr'>volentiam</span> <span class='ocrx_word' id='word_1_82' title='bbox 416 2077 616 2149; x_wconf 88' lang='lat' dir='ltr'>inauditam.</span> <span class='ocrx_word' id='word_1_83' title='bbox 636 2080 686 2148; x_wconf 87' lang='lat' dir='ltr'>Tu</span> <span class='ocrx_word' id='word_1_84' title='bbox 701 2099 786 2148; x_wconf 92' lang='lat' dir='ltr'>vero</span> <span class='ocrx_word' id='word_1_85' title='bbox 804 2099 894 2147; x_wconf 91' lang='lat' dir='ltr'>nunc</span> <span class='ocrx_word' id='word_1_86' title='bbox 913 2076 1099 2147; x_wconf 84' lang='lat' dir='ltr'>infallibilis</span> <span class='ocrx_word' id='word_1_87' title='bbox 1118 2089 1153 2148; x_wconf 91' lang='lat' dir='ltr'>el</span> <span class='ocrx_word' id='word_1_88' title='bbox 1172 2080 1285 2150; x_wconf 92' lang='lat' dir='ltr'>incor-</span> 
     </span>
     <span class='ocr_line' id='line_1_13' title="bbox 211 2198 1285 2294; baseline 0.002 -24"><span class='ocrx_word' id='word_1_89' title='bbox 211 2214 310 2294; x_wconf 89' lang='lat' dir='ltr'>rupte</span> <span class='ocrx_word' id='word_1_90' title='bbox 337 2222 452 2272; x_wconf 90' lang='lat' dir='ltr'>rerum</span> <span class='ocrx_word' id='word_1_91' title='bbox 475 2198 604 2269; x_wconf 83' lang='lat' dir='ltr'>arbiter</span> <span class='ocrx_word' id='word_1_92' title='bbox 622 2200 758 2270; x_wconf 88' lang='lat' dir='ltr'>Christe</span> <span class='ocrx_word' id='word_1_93' title='bbox 778 2199 863 2293; x_wconf 88' lang='lat' dir='ltr'>quid</span> <span class='ocrx_word' id='word_1_94' title='bbox 883 2201 984 2292; x_wconf 79' lang='lat' dir='ltr'>agis?</span> <span class='ocrx_word' id='word_1_95' title='bbox 1011 2199 1074 2273; x_wconf 93' lang='lat' dir='ltr'>Ubi</span> <span class='ocrx_word' id='word_1_96' title='bbox 1096 2203 1285 2274; x_wconf 90' lang='lat' dir='ltr'>suntoculi</span> 
     </span>
     <span class='ocr_line' id='line_1_14' title="bbox 212 2320 1285 2414; baseline 0.004 -22"><span class='ocrx_word' id='word_1_97' title='bbox 212 2323 276 2407; x_wconf 86' lang='lat' dir='ltr'>lui,</span> <span class='ocrx_word' id='word_1_98' title='bbox 296 2322 424 2414; x_wconf 89' lang='lat' dir='ltr'>quibus</span> <span class='ocrx_word' id='word_1_99' title='bbox 456 2320 683 2393; x_wconf 80' lang='lat' dir='ltr'>bumanorum</span> <span class='ocrx_word' id='word_1_100' title='bbox 717 2322 933 2393; x_wconf 91' lang='lat' dir='ltr'>miseriarum</span> <span class='ocrx_word' id='word_1_101' title='bbox 956 2323 1101 2396; x_wconf 85' lang='lat' dir='ltr'>nebulas</span> <span class='ocrx_word' id='word_1_102' title='bbox 1123 2347 1285 2396; x_wconf 90' lang='lat' dir='ltr'>serenare</span> 
     </span>
     <span class='ocr_line' id='line_1_15' title="bbox 211 2444 1285 2538; baseline 0.004 -24"><span class='ocrx_word' id='word_1_103' title='bbox 211 2446 333 2516; x_wconf 91' lang='lat' dir='ltr'>solitus</span> <span class='ocrx_word' id='word_1_104' title='bbox 354 2448 414 2515; x_wconf 80' lang='lat' dir='ltr'>es?</span> <span class='ocrx_word' id='word_1_105' title='bbox 434 2445 503 2515; x_wconf 86' lang='lat' dir='ltr'>Cur</span> <span class='ocrx_word' id='word_1_106' title='bbox 523 2444 598 2513; x_wconf 90' lang='lat' dir='ltr'>illos</span> <span class='ocrx_word' id='word_1_107' title='bbox 620 2444 771 2514; x_wconf 75' lang='lat' dir='ltr'>avertis?</span> <span class='ocrx_word' id='word_1_108' title='bbox 793 2445 861 2513; x_wconf 87' lang='lat' dir='ltr'>Cur</span> <span class='ocrx_word' id='word_1_109' title='bbox 883 2468 951 2516; x_wconf 90' lang='lat' dir='ltr'>non</span> <span class='ocrx_word' id='word_1_110' title='bbox 984 2445 1121 2538; x_wconf 90' lang='lat' dir='ltr'>ancipiti</span> <span class='ocrx_word' id='word_1_111' title='bbox 1144 2446 1285 2518; x_wconf 84' lang='lat' dir='ltr'>fulmine</span> 
     </span>
     <span class='ocr_line' id='line_1_16' title="bbox 211 2565 1284 2659; baseline 0.002 -25"><span class='ocrx_word' id='word_1_112' title='bbox 211 2588 351 2635; x_wconf 90' lang='lat' dir='ltr'>causam</span> <span class='ocrx_word' id='word_1_113' title='bbox 368 2565 503 2635; x_wconf 90' lang='lat' dir='ltr'>dirimis</span> <span class='ocrx_word' id='word_1_114' title='bbox 524 2568 750 2637; x_wconf 80' lang='lat' dir='ltr'>sceleratam?</span> <span class='ocrx_word' id='word_1_115' title='bbox 775 2565 846 2634; x_wconf 88' lang='lat' dir='ltr'>Etsi</span> <span class='ocrx_word' id='word_1_116' title='bbox 870 2588 937 2635; x_wconf 93' lang='lat' dir='ltr'>non</span> <span class='ocrx_word' id='word_1_117' title='bbox 960 2588 1147 2648; x_wconf 90' lang='lat' dir='ltr'>meremur,</span> <span class='ocrx_word' id='word_1_118' title='bbox 1168 2567 1284 2659; x_wconf 87' lang='lat' dir='ltr'>aspice</span> 
     </span>
     <span class='ocr_line' id='line_1_17' title="bbox 210 2663 1283 2778; baseline 0.007 -26"><span class='ocrx_word' id='word_1_119' title='bbox 210 2684 244 2753; x_wconf 92' lang='lat' dir='ltr'>in</span> <span class='ocrx_word' id='word_1_120' title='bbox 258 2706 322 2755; x_wconf 92' lang='lat' dir='ltr'>nos</span> <span class='ocrx_word' id='word_1_121' title='bbox 335 2698 370 2757; x_wconf 92' lang='lat' dir='ltr'>et</span> <span class='ocrx_word' id='word_1_122' title='bbox 384 2688 549 2757; x_wconf 89' lang='lat' dir='ltr'>miserere</span> <span class='ocrx_word' id='word_1_123' title='bbox 566 2687 684 2757; x_wconf 88' lang='lat' dir='ltr'>nostri.</span> <span class='ocrx_word' id='word_1_124' title='bbox 703 2687 849 2778; x_wconf 84' lang='lat' dir='ltr'>Respice</span> <span class='ocrx_word' id='word_1_125' title='bbox 863 2663 1027 2757; x_wconf 85' lang='lat' dir='ltr'>¹inimicos</span> <span class='ocrx_word' id='word_1_126' title='bbox 1046 2697 1202 2772; x_wconf 78' lang='lat' dir='ltr'>nostroS,</span> <span class='ocrx_word' id='word_1_127' title='bbox 1218 2710 1283 2759; x_wconf 92' lang='lat' dir='ltr'>nec</span> 
     </span>
     <span class='ocr_line' id='line_1_18' title="bbox 124 2807 1284 2901; baseline 0.003 -24"><span class='ocrx_word' id='word_1_128' title='bbox 124 2884 126 2888; x_wconf 7' lang='grc' dir='ltr'><strong>λ</strong></span> <span class='ocrx_word' id='word_1_129' title='bbox 211 2807 440 2892; x_wconf 71' lang='lat' dir='ltr'>minuetum,</span> <span class='ocrx_word' id='word_1_130' title='bbox 462 2809 624 2900; x_wconf 87' lang='lat' dir='ltr'>quoniam</span> <span class='ocrx_word' id='word_1_131' title='bbox 647 2809 858 2901; x_wconf 90' lang='lat' dir='ltr'>multiplicati</span> <span class='ocrx_word' id='word_1_132' title='bbox 882 2819 976 2892; x_wconf 90' lang='lat' dir='ltr'>sunt,</span> <span class='ocrx_word' id='word_1_133' title='bbox 1004 2822 1040 2880; x_wconf 92' lang='grc' dir='ltr'><strong>ει</strong></span> <span class='ocrx_word' id='word_1_134' title='bbox 1069 2808 1148 2880; x_wconf 91' lang='lat' dir='ltr'>odio</span> <span class='ocrx_word' id='word_1_135' title='bbox 1167 2808 1284 2899; x_wconf 87' lang='lat' dir='ltr'>iniquo</span> 
     </span>
     <span class='ocr_line' id='line_1_19' title="bbox 210 2930 1284 3024; baseline 0.001 -22"><span class='ocrx_word' id='word_1_136' title='bbox 210 2930 359 3003; x_wconf 84' lang='lat' dir='ltr'>oderunt</span> <span class='ocrx_word' id='word_1_137' title='bbox 375 2950 452 3014; x_wconf 85' lang='lat' dir='ltr'>nos,</span> <span class='ocrx_word' id='word_1_138' title='bbox 475 2953 540 3003; x_wconf 90' lang='lat' dir='ltr'>nec</span> <span class='ocrx_word' id='word_1_139' title='bbox 560 2933 674 3002; x_wconf 91' lang='lat' dir='ltr'>minus</span> <span class='ocrx_word' id='word_1_140' title='bbox 697 2942 739 3003; x_wconf 91' lang='lat' dir='ltr'>te.</span> <span class='ocrx_word' id='word_1_141' title='bbox 764 2933 937 3014; x_wconf 87' lang='lat' dir='ltr'>Discerne,</span> <span class='ocrx_word' id='word_1_142' title='bbox 965 2953 1178 3024; x_wconf 75' lang='lat' dir='ltr'>quaesumus</span> <span class='ocrx_word' id='word_1_143' title='bbox 1195 2933 1284 3003; x_wconf 90' lang='lat' dir='ltr'>inter</span> 
     </span>
     <span class='ocr_line' id='line_1_20' title="bbox 210 3053 1284 3147; baseline 0.001 -22"><span class='ocrx_word' id='word_1_144' title='bbox 210 3065 325 3146; x_wconf 90' lang='lat' dir='ltr'>partes</span> <span class='ocrx_word' id='word_1_145' title='bbox 347 3054 439 3126; x_wconf 90' lang='lat' dir='ltr'>omni</span> <span class='ocrx_word' id='word_1_146' title='bbox 459 3077 506 3127; x_wconf 85' lang='lat' dir='ltr'>ex</span> <span class='ocrx_word' id='word_1_147' title='bbox 527 3065 625 3147; x_wconf 91' lang='lat' dir='ltr'>parte</span> <span class='ocrx_word' id='word_1_148' title='bbox 645 3054 843 3126; x_wconf 83' lang='lat' dir='ltr'>dissimiles</span> <span class='ocrx_word' id='word_1_149' title='bbox 867 3055 1022 3146; x_wconf 87' lang='lat' dir='ltr'>Denique</span> <span class='ocrx_word' id='word_1_150' title='bbox 1042 3053 1086 3126; x_wconf 90' lang='lat' dir='ltr'>de</span> <span class='ocrx_word' id='word_1_151' title='bbox 1108 3057 1206 3126; x_wconf 89' lang='lat' dir='ltr'>vultu</span> <span class='ocrx_word' id='word_1_152' title='bbox 1227 3067 1284 3127; x_wconf 90' lang='lat' dir='ltr'>tuo</span> 
     </span>
     <span class='ocr_line' id='line_1_21' title="bbox 210 3177 1281 3272; baseline 0.007 -27"><span class='ocrx_word' id='word_1_153' title='bbox 210 3177 372 3250; x_wconf 92' lang='lat' dir='ltr'>iudicium</span> <span class='ocrx_word' id='word_1_154' title='bbox 388 3189 542 3252; x_wconf 90' lang='lat' dir='ltr'>nostrum</span> <span class='ocrx_word' id='word_1_155' title='bbox 559 3180 717 3272; x_wconf 88' lang='lat' dir='ltr'>prodeat,</span> <span class='ocrx_word' id='word_1_156' title='bbox 740 3182 830 3252; x_wconf 91' lang='lat' dir='ltr'>oculi</span> <span class='ocrx_word' id='word_1_157' title='bbox 849 3181 897 3250; x_wconf 91' lang='lat' dir='ltr'>tui</span> <span class='ocrx_word' id='word_1_158' title='bbox 916 3179 1058 3251; x_wconf 90' lang='lat' dir='ltr'>videant</span> <span class='ocrx_word' id='word_1_159' title='bbox 1074 3180 1281 3272; x_wconf 84' lang='lat' dir='ltr'>aequitatem.</span> 
     </span>
     <span class='ocr_line' id='line_1_22' title="bbox 211 3301 1283 3394; baseline 0.004 -24"><span class='ocrx_word' id='word_1_160' title='bbox 211 3301 311 3371; x_wconf 88' lang='lat' dir='ltr'>Certe</span> <span class='ocrx_word' id='word_1_161' title='bbox 329 3303 359 3373; x_wconf 92' lang='lat' dir='ltr'>si</span> <span class='ocrx_word' id='word_1_162' title='bbox 380 3302 460 3394; x_wconf 82' lang='lat' dir='ltr'>iugo</span> <span class='ocrx_word' id='word_1_163' title='bbox 474 3325 630 3384; x_wconf 88' lang='lat' dir='ltr'>romano,</span> <span class='ocrx_word' id='word_1_164' title='bbox 652 3303 745 3394; x_wconf 89' lang='lat' dir='ltr'>quod</span> <span class='ocrx_word' id='word_1_165' title='bbox 762 3304 914 3373; x_wconf 89' lang='lat' dir='ltr'>omniurn</span> <span class='ocrx_word' id='word_1_166' title='bbox 928 3302 1159 3374; x_wconf 85' lang='lat' dir='ltr'>iustissimum</span> <span class='ocrx_word' id='word_1_167' title='bbox 1179 3315 1283 3394; x_wconf 88' lang='lat' dir='ltr'>alque</span> 
     </span>
     <span class='ocr_line' id='line_1_23' title="bbox 211 3424 1280 3518; baseline 0.004 -26"><span class='ocrx_word' id='word_1_168' title='bbox 211 3425 455 3496; x_wconf 86' lang='lat' dir='ltr'>suavissimum</span> <span class='ocrx_word' id='word_1_169' title='bbox 474 3427 548 3509; x_wconf 86' lang='lat' dir='ltr'>luit,</span> <span class='ocrx_word' id='word_1_170' title='bbox 582 3426 695 3518; x_wconf 87' lang='lat' dir='ltr'>aliqua</span> <span class='ocrx_word' id='word_1_171' title='bbox 716 3447 816 3516; x_wconf 80' lang='lat' dir='ltr'>genS,</span> <span class='ocrx_word' id='word_1_172' title='bbox 852 3424 1024 3497; x_wconf 89' lang='lat' dir='ltr'>imovero</span> <span class='ocrx_word' id='word_1_173' title='bbox 1045 3446 1132 3514; x_wconf 82' lang='lat' dir='ltr'>gens</span> <span class='ocrx_word' id='word_1_174' title='bbox 1153 3427 1280 3512; x_wconf 79' lang='lat' dir='ltr'>omnic,</span> 
     </span>
     <span class='ocr_line' id='line_1_24' title="bbox 211 3547 1282 3638; baseline 0.002 -22"><span class='ocrx_word' id='word_1_175' title='bbox 211 3556 249 3616; x_wconf 95' lang='lat' dir='ltr'>ut</span> <span class='ocrx_word' id='word_1_176' title='bbox 269 3549 453 3629; x_wconf 73' lang='lat' dir='ltr'>cernimus</span> <span class='ocrx_word' id='word_1_177' title='bbox 473 3548 582 3619; x_wconf 92' lang='lat' dir='ltr'>voluit</span> <span class='ocrx_word' id='word_1_178' title='bbox 601 3550 689 3618; x_wconf 88' lang='lat' dir='ltr'>colla</span> <span class='ocrx_word' id='word_1_179' title='bbox 709 3548 917 3632; x_wconf 89' lang='lat' dir='ltr'>subducere,</span> <span class='ocrx_word' id='word_1_180' title='bbox 941 3547 1023 3617; x_wconf 92' lang='lat' dir='ltr'>nibil</span> <span class='ocrx_word' id='word_1_181' title='bbox 1045 3547 1210 3638; x_wconf 88' lang='lat' dir='ltr'>estquod</span> <span class='ocrx_word' id='word_1_182' title='bbox 1231 3548 1282 3618; x_wconf 91' lang='lat' dir='ltr'>in-</span> 
     </span>
     <span class='ocr_line' id='line_1_25' title="bbox 209 3666 1282 3759; baseline -0.002 -21"><span class='ocrx_word' id='word_1_183' title='bbox 209 3668 392 3759; x_wconf 80' lang='lat' dir='ltr'>dignemur</span> <span class='ocrx_word' id='word_1_184' title='bbox 408 3682 468 3741; x_wconf 88' lang='lat' dir='ltr'>aut</span> <span class='ocrx_word' id='word_1_185' title='bbox 489 3671 663 3741; x_wconf 90' lang='lat' dir='ltr'>miremur.</span> <span class='ocrx_word' id='word_1_186' title='bbox 690 3669 753 3739; x_wconf 87' lang='lat' dir='ltr'>Est</span> <span class='ocrx_word' id='word_1_187' title='bbox 770 3670 861 3741; x_wconf 90' lang='lat' dir='ltr'>enim</span> <span class='ocrx_word' id='word_1_188' title='bbox 883 3669 1009 3739; x_wconf 89' lang='lat' dir='ltr'>animis</span> <span class='ocrx_word' id='word_1_189' title='bbox 1031 3667 1224 3737; x_wconf 87' lang='lat' dir='ltr'>mortalium</span> <span class='ocrx_word' id='word_1_190' title='bbox 1242 3666 1282 3738; x_wconf 92' lang='lat' dir='ltr'>li-</span> 
     </span>
     <span class='ocr_line' id='line_1_26' title="bbox 208 3789 1281 3886; baseline 0.001 -27"><span class='ocrx_word' id='word_1_191' title='bbox 208 3789 352 3864; x_wconf 91' lang='lat' dir='ltr'>bertatis</span> <span class='ocrx_word' id='word_1_192' title='bbox 384 3793 507 3863; x_wconf 90' lang='lat' dir='ltr'>insitus</span> <span class='ocrx_word' id='word_1_193' title='bbox 528 3793 715 3886; x_wconf 88' lang='lat' dir='ltr'>appetitus,</span> <span class='ocrx_word' id='word_1_194' title='bbox 749 3813 842 3884; x_wconf 85' lang='lat' dir='ltr'>saepo</span> <span class='ocrx_word' id='word_1_195' title='bbox 869 3792 971 3862; x_wconf 91' lang='lat' dir='ltr'>etiam</span> <span class='ocrx_word' id='word_1_196' title='bbox 999 3790 1213 3860; x_wconf 89' lang='lat' dir='ltr'>inconsultus</span> <span class='ocrx_word' id='word_1_197' title='bbox 1240 3810 1281 3860; x_wconf 89' lang='lat' dir='ltr'>ac</span> 
     </span>
     <span class='ocr_line' id='line_1_27' title="bbox 210 3912 1279 4011; baseline 0 -27"><span class='ocrx_word' id='word_1_198' title='bbox 210 3935 381 4011; x_wconf 85' lang='lat' dir='ltr'>praeceps,</span> <span class='ocrx_word' id='word_1_199' title='bbox 408 3928 443 3987; x_wconf 92' lang='grc' dir='ltr'><strong>ει</strong></span> <span class='ocrx_word' id='word_1_200' title='bbox 464 3916 657 4010; x_wconf 84' lang='lat' dir='ltr'>saepedum</span> <span class='ocrx_word' id='word_1_201' title='bbox 677 3936 800 4007; x_wconf 86' lang='lat' dir='ltr'>parere</span> <span class='ocrx_word' id='word_1_202' title='bbox 822 3912 1022 3986; x_wconf 88' lang='lat' dir='ltr'>melioribus</span> <span class='ocrx_word' id='word_1_203' title='bbox 1041 3913 1152 4006; x_wconf 88' lang='lat' dir='ltr'>pudor</span> <span class='ocrx_word' id='word_1_204' title='bbox 1173 3923 1279 3997; x_wconf 86' lang='lat' dir='ltr'>vetat,</span> 
     </span>
     <span class='ocr_line' id='line_1_28' title="bbox 210 4035 1281 4129; baseline -0.003 -22"><span class='ocrx_word' id='word_1_205' title='bbox 210 4037 268 4127; x_wconf 85' lang='lat' dir='ltr'>qui</span> <span class='ocrx_word' id='word_1_206' title='bbox 285 4036 371 4111; x_wconf 87' lang='lat' dir='ltr'>bene</span> <span class='ocrx_word' id='word_1_207' title='bbox 392 4036 578 4109; x_wconf 86' lang='lat' dir='ltr'>subessent</span> <span class='ocrx_word' id='word_1_208' title='bbox 599 4039 687 4109; x_wconf 91' lang='lat' dir='ltr'>male</span> <span class='ocrx_word' id='word_1_209' title='bbox 709 4035 913 4129; x_wconf 87' lang='lat' dir='ltr'>praesident:</span> <span class='ocrx_word' id='word_1_210' title='bbox 938 4035 1114 4107; x_wconf 90' lang='lat' dir='ltr'>sicomnia</span> <span class='ocrx_word' id='word_1_211' title='bbox 1135 4035 1281 4105; x_wconf 90' lang='lat' dir='ltr'>miscen-</span> 
     </span>
     <span class='ocr_line' id='line_1_29' title="bbox 212 4155 1281 4250; baseline -0.005 -22"><span class='ocrx_word' id='word_1_212' title='bbox 212 4168 268 4230; x_wconf 93' lang='lat' dir='ltr'>tur</span> <span class='ocrx_word' id='word_1_213' title='bbox 287 4183 327 4232; x_wconf 86' lang='lat' dir='ltr'>ac</span> <span class='ocrx_word' id='word_1_214' title='bbox 347 4160 538 4244; x_wconf 86' lang='lat' dir='ltr'>turbantur,</span> <span class='ocrx_word' id='word_1_215' title='bbox 563 4161 654 4232; x_wconf 92' lang='lat' dir='ltr'>unde</span> <span class='ocrx_word' id='word_1_216' title='bbox 673 4181 915 4250; x_wconf 85' lang='lat' dir='ltr'>nonnunquam</span> <span class='ocrx_word' id='word_1_217' title='bbox 936 4158 970 4229; x_wconf 90' lang='lat' dir='ltr'>in</span> <span class='ocrx_word' id='word_1_218' title='bbox 996 4160 1071 4229; x_wconf 91' lang='lat' dir='ltr'>loco</span> <span class='ocrx_word' id='word_1_219' title='bbox 1096 4155 1190 4247; x_wconf 83' lang='lat' dir='ltr'>digni</span> <span class='ocrx_word' id='word_1_220' title='bbox 1216 4156 1281 4224; x_wconf 89' lang='lat' dir='ltr'>im·</span> 
     </span>
     <span class='ocr_line' id='line_1_30' title="bbox 212 4278 1280 4373; baseline 0 -23"><span class='ocrx_word' id='word_1_221' title='bbox 212 4284 295 4370; x_wconf 88' lang='lat' dir='ltr'>perii</span> <span class='ocrx_word' id='word_1_222' title='bbox 315 4284 493 4354; x_wconf 86' lang='lat' dir='ltr'>servitium</span> <span class='ocrx_word' id='word_1_223' title='bbox 516 4282 710 4373; x_wconf 85' lang='lat' dir='ltr'>indignum,</span> <span class='ocrx_word' id='word_1_224' title='bbox 733 4295 769 4353; x_wconf 90' lang='lat' dir='ltr'>ct</span> <span class='ocrx_word' id='word_1_225' title='bbox 786 4284 819 4352; x_wconf 92' lang='lat' dir='ltr'>in</span> <span class='ocrx_word' id='word_1_226' title='bbox 840 4284 913 4353; x_wconf 91' lang='lat' dir='ltr'>loco</span> <span class='ocrx_word' id='word_1_227' title='bbox 934 4281 1016 4352; x_wconf 91' lang='lat' dir='ltr'>iusti</span> <span class='ocrx_word' id='word_1_228' title='bbox 1042 4280 1172 4353; x_wconf 88' lang='lat' dir='ltr'>servitii</span> <span class='ocrx_word' id='word_1_229' title='bbox 1192 4278 1280 4350; x_wconf 90' lang='lat' dir='ltr'>iniu-</span> 
     </span>
     <span class='ocr_line' id='line_1_31' title="bbox 211 4405 1279 4499; baseline 0.005 -29"><span class='ocrx_word' id='word_1_230' title='bbox 211 4412 302 4473; x_wconf 88' lang='lat' dir='ltr'>stum</span> <span class='ocrx_word' id='word_1_231' title='bbox 319 4407 496 4499; x_wconf 89' lang='lat' dir='ltr'>imperium</span> <span class='ocrx_word' id='word_1_232' title='bbox 518 4407 692 4478; x_wconf 89' lang='lat' dir='ltr'>videmus.</span> <span class='ocrx_word' id='word_1_233' title='bbox 719 4405 821 4490; x_wconf 88' lang='lat' dir='ltr'>Quod</span> <span class='ocrx_word' id='word_1_234' title='bbox 846 4406 912 4477; x_wconf 91' lang='lat' dir='ltr'>nisi</span> <span class='ocrx_word' id='word_1_235' title='bbox 939 4407 985 4476; x_wconf 88' lang='lat' dir='ltr'>ita</span> <span class='ocrx_word' id='word_1_236' title='bbox 1010 4418 1120 4489; x_wconf 89' lang='lat' dir='ltr'>esset,</span> <span class='ocrx_word' id='word_1_237' title='bbox 1147 4406 1279 4476; x_wconf 92' lang='lat' dir='ltr'>meliori</span> 
     </span>
     <span class='ocr_line' id='line_1_32' title="bbox 211 4525 1276 4624; baseline 0.008 -31"><span class='ocrx_word' id='word_1_238' title='bbox 211 4525 286 4595; x_wconf 92' lang='lat' dir='ltr'>loco</span> <span class='ocrx_word' id='word_1_239' title='bbox 313 4538 430 4600; x_wconf 89' lang='lat' dir='ltr'>essent</span> <span class='ocrx_word' id='word_1_240' title='bbox 461 4551 520 4600; x_wconf 87' lang='lat' dir='ltr'>res</span> <span class='ocrx_word' id='word_1_241' title='bbox 555 4530 729 4613; x_wconf 85' lang='lat' dir='ltr'>bumanae,</span> <span class='ocrx_word' id='word_1_242' title='bbox 764 4539 799 4601; x_wconf 88' lang='grc' dir='ltr'><strong>ει</strong></span> <span class='ocrx_word' id='word_1_243' title='bbox 831 4528 944 4601; x_wconf 89' lang='lat' dir='ltr'>adhuc</span> <span class='ocrx_word' id='word_1_244' title='bbox 975 4528 1276 4624; x_wconf 86' lang='lat' dir='ltr'>incolumicapite,</span> 
     </span>
    </p>
   </div>
   <div class='ocr_carea' id='block_1_3' title="bbox 0 0 1422 5086">
    <p class='ocr_par' dir='ltr' id='par_1_3' title="bbox 0 0 1422 5086">
     <span class='ocr_line' id='line_1_33' title="bbox 0 0 1422 5086; baseline 0 1"><span class='ocrx_word' id='word_1_245' title='bbox 0 0 1422 5086; x_wconf 95' lang='lat' dir='ltr'> </span> 
     </span>
    </p>
   </div>
  </div>
 </body>
</html>
