2670 4688
277 284 370 333 LlllEll
391 282 556 331 vtctsmttts
577 281 965 331 secunaus,-el‘tsx0tn
986 284 1050 333 xlv.
1145 271 1203 333 150

126 429 228 500 milite
257 427 344 496 nibil
367 427 491 519 accepit
516 447 591 494 cutm
617 425 820 503 tribunatum
842 436 968 513 operat,
991 427 1076 498 nibil
1098 429 1206 521 accipi

117 555 239 643 passas
279 561 335 622 est.
378 548 466 619 Nam
502 560 533 617 et
574 548 754 638 imperator
793 547 940 617 tribanos
979 547 1078 632 daos,
1125 573 1205 642 quos

126 674 271 743 constitit
298 675 484 744 stellaturas
516 669 688 760 accepisse,
726 665 887 760 lapidibus
912 671 1007 739 abrai
1030 672 1071 740 ab
1103 673 1204 742 nami-

126 796 263 864 liaribes
294 796 398 864 iussit.
426 793 546 884 Neque
570 793 717 861 alterum
744 789 843 861 Marii
874 791 1075 863 miratorem
1107 793 1203 866 obliti

124 926 226 987 erant
245 915 441 987 Cassidium
462 913 642 997 Avidium,
657 913 731 1005 qui,
754 921 793 982 ut
811 912 992 984 Vulcatius
1008 913 1204 988 Gallicanus

126 1042 175 1109 ait
194 1040 229 1108 in
251 1038 419 1121 historiis,
444 1059 542 1108 arma
563 1037 710 1107 militum
731 1035 879 1127 septima
904 1034 962 1106 die
984 1057 1125 1131 semper
1150 1061 1206 1110 re-

127 1161 257 1254 spexit,
276 1159 485 1231 vestimenta
506 1160 610 1230 etiam
627 1167 663 1228 et
680 1159 915 1230 calceamenta
931 1168 967 1229 et
984 1180 1123 1244 ocreae,
1141 1160 1205 1231 de-

126 1282 222 1353 licias
235 1304 358 1353 omnes
376 1281 421 1353 de
434 1279 561 1353 castris
577 1277 772 1364 submovit,
794 1280 966 1372 iussitque
980 1302 1041 1352 eos
1056 1281 1204 1353 hiemem

127 1403 194 1476 snb
211 1404 360 1498 pellibus
377 1426 497 1496 agere,
522 1403 568 1473 nil
591 1404 733 1473 omnino
754 1415 884 1496 praeter
904 1402 1039 1475 lardum
1062 1417 1097 1477 et
1122 1403 1207 1477 bac-

126 1532 287 1602 aellatum
304 1543 339 1600 et
359 1538 495 1599 acetum
520 1527 555 1595 in
580 1525 838 1619 expeditionem
864 1537 1025 1619 portare;
1061 1528 1090 1598 si
1120 1529 1206 1621 quid

125 1662 296 1743 praeterea
310 1650 459 1721 luxuriae
471 1648 674 1743 reperiisset
688 1670 756 1721 non
769 1650 837 1719 levi
859 1652 1008 1743 puniens
1026 1651 1205 1744 supplicio.

126 1775 239 1867 Atque
262 1774 317 1843 ille
337 1772 477 1865 quidem
501 1771 624 1842 merito
638 1774 838 1862 praelectam,
854 1773 909 1844 cui
923 1774 1087 1866 princeps
1102 1797 1205 1846 suum

126 1897 171 1968 (le
192 1897 313 1967 Cassio
332 1895 497 1966 iudicium
514 1892 671 1966 scribens
686 1916 806 1966 curam
819 1907 1076 1967 commeatuum
1095 1899 1207 1969 iniun-

126 2030 241 2103 xerat,
265 2019 298 2087 in
320 2018 396 2088 haec
421 2017 529 2089 verba
551 2017 787 2109 rescripserit:
812 2047 827 2083 a
853 2019 957 2089 Recte
983 2017 1205 2101 consuluisti,

131 2172 146 2206 »
177 2141 224 2212 mi
244 2140 394 2227 domine,
416 2138 510 2234 anund
532 2141 692 2212 Cassium
719 2141 904 2234 praelecisti
926 2140 1079 2234 Syriacis
1101 2141 1209 2232 legio-

131 2293 147 2330 n
174 2264 294 2335 nibus:
316 2264 399 2335 nihil
422 2268 514 2369 enjm
536 2275 604 2334 tam
625 2262 769 2358 expedit
789 2287 894 2356 quam
922 2265 1026 2335 bomo
1052 2265 1208 2336 severior

133 2416 148 2452 n
175 2385 385 2456 Graecanicis
408 2383 585 2455 militibus.
607 2384 667 2454 llle
689 2406 775 2457 sane
792 2407 914 2456 omnes
935 2388 1206 2468 excaldationes,

54 2538 56 2543 ·
134 2535 150 2569 s
178 2524 302 2576 omnes
323 2504 428 2572 flores
448 2504 493 2573 de
513 2504 638 2593 capite,
660 2505 748 2574 collo
768 2514 804 2573 et
824 2505 904 2575 sinu
924 2506 1021 2575 militi
1042 2509 1205 2579 excutiet.

135 2654 150 2689 s
179 2623 326 2695 Annona
347 2624 504 2695 militaris
525 2624 639 2693 omnis
658 2635 777 2717 parata
795 2634 866 2707 est,
886 2647 1000 2717 neque
1017 2628 1206 2719 quidquam

134 2775 150 2811 o
177 2746 278 2819 deest
298 2744 364 2817 sub
385 2747 476 2817 bono
493 2744 593 2818 duce.
615 2745 690 2816 Non
711 2745 803 2815 enim
827 2748 974 2817 multum
996 2756 1056 2818 aut
1081 2750 1209 2841 quaeri-

134 2881 235 2943 ntur
258 2881 318 2942 ant
344 2868 565 2963 impenditur.
602 2896 617 2933 ι
652 2870 735 2939 Haec
768 2872 954 2962 praelectns
987 2871 1132 2967 principi
1164 2872 1209 2945 de

129 2993 265 3078 Cassio,
297 2992 365 3064 sub
395 3014 465 3086 quo
501 2993 589 3064 duce
622 2991 828 3063 exercitium
864 2991 1003 3085 septimi
1039 2993 1109 3065 diei
1145 2996 1210 3065 fuit

129 3114 282 3185 omnium
309 3118 470 3200 militum,
496 3117 543 3187 ita
574 3126 612 3187 ut
645 3115 792 3208 sagittas
825 3115 1004 3186 mitterent
1034 3127 1070 3186 et
1102 3117 1208 3187 armis

130 3236 308 3319 luderent;
328 3238 467 3310 dicebat
486 3239 593 3310 enim:
618 3267 633 3304 a
662 3239 829 3309 Miserum
856 3258 937 3308 esse
960 3259 1040 3308 cnm
1061 3260 1208 3310 exerce-

134 3387 150 3424 »
179 3370 299 3430 rentur
311 3361 462 3443 athlete,
477 3372 663 3432 venatores
677 3370 712 3430 et
725 3360 951 3451 gladiatores,
968 3382 1037 3430 non
1049 3362 1208 3431 exerceri

134 3510 149 3545 n
178 3481 314 3566 milites,
333 3483 461 3574 quibus
475 3482 587 3553 minor
597 3494 694 3554 esset
706 3486 846 3554 futurus
861 3481 959 3553 labor
973 3482 1003 3552 si
1016 3491 1208 3554 consuetus

133 3631 148 3669 n
177 3614 283 3674 esset.
309 3632 325 3668 n
354 3602 421 3688 Qui
445 3605 615 3697 denique;
639 3614 677 3676 ut
702 3605 889 3678 historicus
918 3607 1012 3677 idem
1038 3606 1100 3689 ait,
1129 3627 1207 3676 cum

127 3727 322 3799 exercitum
343 3726 494 3810 duceret,
512 3729 752 3819 scaneinscio,
767 3750 894 3799 manus
910 3729 1105 3811 auxiliaria,
1124 3750 1207 3800 cen·

130 3850 323 3921 turianibns
344 3852 418 3920 suis
439 3850 651 3932 auctoribus,
672 3851 736 3920 tria
760 3851 868 3920 millia
886 3851 1122 3921 Sarmatarum
1144 3871 1206 3922 ne-

128 3972 316 4063 gligentius
334 3973 511 4064 agentium
530 3973 564 4043 in
578 3971 727 4044 Danubii
739 3971 824 4063 ripis
837 3971 1063 4054 occidissent,
1077 3985 1112 4044 ot
1125 3994 1205 4044 cum

129 4097 248 4188 praeda
265 4097 395 4190 ingenti
412 4097 457 4170 ad
474 4119 555 4170 eum
574 4094 778 4178 rediissent,
798 4093 1019 4188 sperantibus
1033 4096 1206 4182 centurio-
