2670 4688
319 334 413 383 uruca
434 335 959 386 vicesiuusrunrrus.—urrsroun
985 336 1017 384 u.
1153 324 1207 385 let

129 475 206 545 xios
228 474 354 546 milites
373 476 543 568 supplicio
564 475 707 547 dedisse
728 488 764 547 et
786 480 1034 550 tumultuantes
1056 481 1210 572 legiones

128 597 281 689 integras
301 609 553 669 exauctorasse
573 598 712 688 legitur,
736 599 864 688 insigni
891 598 1016 670 fiducia
1041 612 1075 672 et
1102 606 1211 672 inter-

126 719 209 788 dum
232 719 458 790 memorando
478 718 693 804 discrimine,
716 731 753 791 ut
778 719 965 811 aliquando
985 723 1210 795 frementibus

127 843 287 931 ferroque
308 839 520 911 minantibus
541 841 688 912 diceret:
711 869 726 906 <r
746 842 914 934 Deponite
931 843 1076 915 dextras
1092 858 1212 918 contra

133 991 147 1025 n
168 966 303 1034 bostem
315 963 510 1054 erigendos,
527 965 556 1035 si
570 968 677 1035 sortes
692 966 789 1036 sitis:
804 988 861 1036 me
875 967 966 1037 enim
983 968 1050 1038 ista
1062 989 1130 1040 non
1143 977 1212 1039 ter-

132 1114 148 1150 »
168 1095 254 1156 rent.
266 1085 299 1154 Si
308 1087 399 1155 enim
415 1107 522 1156 unum
536 1084 711 1156 bominem
727 1085 1212 1170 occideritisnonvobisdee·

132 1234 148 1271 n
168 1207 213 1276 rit
226 1207 430 1299 respublica,
446 1231 514 1279 non
531 1219 688 1292 senatus,
703 1230 773 1279 uon
787 1212 938 1303 populus
952 1210 1138 1294 Romanus,
1153 1211 1212 1303 qui

132 1358 147 1392 n
168 1351 224 1400 me
236 1330 282 1401 de
295 1329 396 1401 vobis
409 1330 573 1402 vindicet.
592 1358 608 1395 n
624 1331 809 1423 Augustus
823 1334 943 1403 Caesar
958 1341 1008 1404 tot
1020 1333 1147 1427 petitus
1160 1332 1213 1403 in·

127 1452 240 1535 sidiiS,
256 1455 313 1523 vel
326 1452 417 1524 iusta
431 1454 627 1538 severitate,
650 1457 706 1525 vel
718 1455 794 1526 levi
813 1455 1051 1526 misericordia
1073 1455 1210 1528 tandem

126 1574 288 1646 omnibus
311 1573 411 1646 finem
434 1575 541 1648 dedit.
559 1577 655 1648 Mitto
672 1577 816 1649 aliosne
831 1589 1036 1670 occupatum
1057 1579 1210 1650 animum

128 1701 240 1791 longis
260 1698 416 1770 historiis
438 1698 622 1791 implicem.
645 1698 699 1770 Ad
726 1712 758 1771 to
784 1700 888 1772 redeo
911 1701 1015 1771 tontis
1036 1721 1130 1793 saepe
1151 1721 1212 1792 pe·

126 1820 245 1891 riculis
266 1844 335 1891 non
358 1845 437 1892 cum
456 1822 568 1891 salute
591 1823 703 1892 solum
726 1821 790 1892 sed
810 1845 888 1892 curn
908 1823 1015 1913 gloria
1041 1833 1211 1916 ereptum.

126 1944 217 2028 Quid
239 1943 371 2026 vidisti,
401 1944 478 2014 sive
503 1943 588 2036 quid
613 1943 756 2027 audisti,
779 1945 872 2036 quod
900 1954 933 2015 te
960 1946 1060 2014 talem
1081 1943 1208 2027 virum,

126 2067 182 2137 tali
200 2066 308 2160 stirpe
323 2066 553 2158 progenitum,
571 2066 675 2138 tantis
689 2070 924 2139 assuefactum
940 2065 1058 2152 rebus
1073 2078 1212 2157 tamque

125 2193 194 2262 alto
210 2190 254 2261 de
274 2189 424 2261 culmine
441 2190 699 2284 despectantem
719 2211 776 2259 res
794 2189 978 2273 humanas,
993 2211 1013 2261 e
1027 2188 1211 2282 tranquilla

125 2314 299 2385 Caesareae
319 2314 517 2382 serenitatis
538 2333 618 2384 arce
639 2313 823 2412 deiiceret?
842 2312 933 2383 Nihil
955 2334 1131 2404 magnum,
1159 2311 1211 2382 ni·

125 2436 172 2505 bil
195 2455 304 2523 grave
330 2431 441 2504 videri
467 2432 574 2502 debet
595 2432 722 2515 auim0,
744 2432 804 2523 qui
826 2432 944 2503 subire
971 2433 1126 2503 humeris
1147 2432 1210 2501 im-

125 2555 209 2646 perii
231 2557 358 2624 molem
378 2552 586 2645 pondusque
608 2574 674 2622 non
703 2553 827 2622 timuit.
854 2555 939 2621 llern
961 2552 1115 2621 omnium
1138 2575 1240 2631 ma·„

124 2675 254 2745 nimam
271 2672 481 2764 transegisti,
495 2671 631 2765 quodie
645 2693 772 2744 nomen
784 2671 1006 2764 Imperatoris
1020 2694 1060 2742 ac
1075 2675 1208 2743 titulurn

124 2798 319 2891 suscepisti.
342 2798 433 2882 Quid
455 2801 601 2870 summis
629 2799 823 2871 interritum
852 2820 957 2892 parra
985 2796 1212 2890 perturbant?

125 2921 193 2993 Sed
214 2926 301 2994 forte
323 2922 555 3016 respondem,
578 2945 646 2995 nou
670 2935 802 2994 terrore
822 2934 854 2994 te
877 2922 956 2993 hinc
973 2924 1126 3015 pulsum,
1147 2920 1209 2991 sed

125 3066 241 3114 amore
262 3047 342 3115 illuc
364 3055 524 3118 tractum:
547 3068 612 3117 cnr
630 3068 698 3118 non
719 3046 812 3117 enim
834 3056 869 3117 et
887 3045 945 3117 libi
968 3046 1096 3117 licitum
1115 3044 1210 3136 quod

125 3162 223 3247 mibi,
246 3167 392 3256 patriam
414 3172 555 3239 amare‘l
573 3169 648 3239 Non
666 3168 835 3252 obluctor,
855 3169 985 3249 Caesar,
1005 3170 1112 3238 immo
1127 3187 1210 3239 vero

125 3287 257 3357 suadeo
279 3297 316 3357 ut
335 3290 481 3379 patriam
502 3311 612 3360 ames.
635 3290 678 3360 At
698 3293 850 3384 prolecto
869 3290 944 3362 sive
958 3311 979 3360 a
993 3291 1070 3360 viro
1082 3288 1207 3372 virtue,

126 3412 258 3484 utvult
274 3410 409 3492 Cicero,
438 3411 515 3481 sive
536 3435 555 3484 a
576 3412 705 3482 virtute
731 3411 785 3482 vir
810 3412 949 3496 dicitur,
969 3411 1015 3481 nil
1038 3410 1104 3480 bac
1124 3429 1209 3479 vere

123 3535 200 3604 viro
221 3533 345 3614 carius,
366 3534 409 3602 nil
432 3533 615 3621 amabilius
632 3557 713 3605 esse
731 3542 858 3626 potest,
879 3556 947 3626 qua
966 3532 1116 3615 amissa,
1140 3550 1207 3600 non

123 3657 228 3728 modo
249 3654 341 3748 quod
362 3653 488 3726 habeat
507 3657 672 3749 optimum
692 3658 888 3728 amissurus
907 3657 968 3735 sit,
992 3655 1055 3724 sed
1077 3651 1203 3724 desitu-

127 3801 185 3850 rus
206 3781 311 3867 etiam
331 3800 412 3848 esse
434 3777 526 3870 quod
549 3779 662 3847 luerit.
690 3779 786 3849 Licet
806 3778 911 3866 igitur
935 3790 966 3846 te
988 3797 1080 3846 nunc
1100 3775 1209 3869 patria

124 3903 276 3986 vellicet,
298 3904 423 3974 invicta
445 3914 477 3972 tc
498 3902 607 3972 virtus
627 3900 694 3970 buc
711 3898 892 3995 pertrabit,
913 3899 1076 3990 iubetque
1097 3897 1142 3968 de
1158 3899 1209 3968 ol-

125 4025 203 4096 srcio
224 4036 297 4108 tuo,
321 4025 385 4098 boc
407 4037 462 4097 est
481 4025 525 4096 de
548 4025 692 4120 imperio
712 4023 879 4113 cogitare.
907 4024 940 4092 Si
966 4023 1055 4092 eninr
1078 4020 1123 4092 de
1144 4020 1208 4090 mi-

125 4147 270 4220 noribus
284 4151 438 4241 loquens,
456 4151 549 4219 nullo
562 4169 646 4220 casu
664 4146 869 4235 arbitratur,
885 4146 978 4242 apud
996 4144 1207 4224 Ciceronem,
