2670 4688
523 301 676 349 rrursruun
700 303 762 350 xxi.
1122 292 1175 352 tot

101 460 197 511 sanae
216 442 344 511 mentis
367 438 524 512 mirabile
538 440 706 512 uideatur
724 441 753 511 si
771 463 869 514 amor
886 446 1044 518 iuvabis
1063 459 1182 519 servat

100 565 378 637 vetustissimum
404 586 536 637 morem
564 587 684 647 suum,
719 575 757 636 ut
789 577 951 639 cessante
981 569 1060 640 licet
1088 573 1180 641 omni

99 690 290 760 criminum
307 688 470 770 materia,
499 687 589 759 inter
623 687 780 759 flammas
811 690 862 760 sic
895 690 1006 762 affecti
1031 693 1182 783 pectoris

100 810 307 905 suspicionis
326 807 649 880 tumus-emerserit.
671 807 794 879 Cordis
810 808 972 901 equidem
991 812 1100 880 vestri
1119 812 1183 884 do-

101 931 213 1014 minae,
235 933 336 1002 cuius
357 931 478 1000 merita
500 953 561 1022 per
582 940 719 1002 vestras
738 930 872 1002 litteras
886 932 1180 1014 commendastis,

99 1055 166 1126 etsi
186 1057 217 1126 ei
240 1053 494 1124 insultaveritis
514 1053 688 1125 delatione
706 1054 930 1146 gravissima,
960 1076 1183 1148 nequaquam

101 1188 215 1249 tamen
235 1176 440 1247 innocentiae
462 1176 688 1269 patrocinium
710 1176 902 1250 ademistis.
922 1179 1097 1249 Caetorum
1121 1197 1182 1269 pa-

102 1310 238 1370 tronum
252 1317 316 1389 pro
328 1298 494 1389 qualitate
514 1297 662 1390 negocii,
681 1296 1185 1393 proque-contradicentiselo·

98 1422 198 1515 quio,
217 1421 321 1492 nimis
342 1423 507 1514 imparem
529 1421 736 1514 deputastis.
752 1422 844 1515 lpsa,
860 1421 1015 1514 inquam,
1029 1440 1177 1514 prorsus

99 1542 208 1614 oculis
236 1542 321 1613 meis
348 1543 575 1633 ignotaest:
609 1542 726 1634 itaque
755 1562 884 1614 novum
913 1560 1042 1634 pugnae
1068 1564 1182 1634 genus

99 1666 283 1757 ingressus
298 1684 388 1747 sum,
408 1685 514 1757 quam
534 1684 712 1755 nunquam
734 1663 894 1746 viderim,
913 1662 1015 1734 cuius
1035 1684 1100 1735 nec
1119 1685 1181 1734 no-

100 1810 178 1859 men
200 1787 384 1870 audierim,
406 1787 628 1859 defensurus.
647 1786 726 1858 Feci
747 1796 862 1858 tamen
881 1787 1078 1870 audentius,
1100 1785 1183 1879 quia

101 1932 164 1981 nec
186 1933 204 1980 a
227 1909 329 1981 vobis
348 1913 477 1980 trustra
490 1910 716 1981 commissum
742 1909 872 2002 aliquid
893 1907 1097 1994 arbitrabar,
1119 1930 1185 1980 nec

99 2040 232 2103 tantum
254 2031 403 2103 amicum
436 2031 581 2103 iustitiae
599 2032 724 2107 ,amico
752 2051 816 2101 suo
842 2043 1100 2124 praecepturum
1121 2030 1184 2099 ali-

98 2154 183 2247 quid
202 2155 336 2247 quodu
363 2154 507 2226 iustitiae
529 2155 688 2225 terminis
713 2154 929 2226 abhorreret.
957 2152 1011 2225 Ad
1043 2153 1120 2225 haee
1147 2151 1183 2220 in

97 2289 203 2348 oertae
225 2277 357 2348 notitiae
378 2279 494 2348 ¹locum
522 2277 639 2370 opinio
660 2278 814 2349 violenta
835 2288 1076 2361 successerat;
1096 2298 1183 2369 quo-

97 2399 190 2470 niam
211 2420 280 2469 non
301 2400 368 2470 nisi
382 2399 571 2471 verendam
585 2412 619 2471 et
632 2421 778 2494 prorsus
792 2401 970 2491 egregiam
986 2411 1179 2471 matronam

98 2523 185 2603 lore,
208 2542 314 2613 quarn
336 2523 449 2592 alatus
468 2531 504 2592 et
524 2522 746 2614 pharetratus
772 2520 829 2590 ille
850 2544 938 2614 puer
965 2531 1060 2592 tanto
1084 2543 1180 2592 arna-

101 2654 176 2713 tore
196 2642 363 2732 dignatus
383 2652 453 2727 est,
480 2641 740 2734 inexpugnabili
773 2641 854 2712 milri
882 2641 1100 2713 concluditur
1127 2661 1184 2711 ar·

99 2777 276 2855 gumento.
299 2765 395 2837 Sicut
415 2765 505 2836 enirn
533 2764 780 2838 dissimilitudo
808 2785 944 2835 morum
975 2785 1017 2834 ac
1048 2771 1183 2834 naturae

98 2897 154 2958 est
170 2887 240 2959 odii
261 2889 455 2971 causativa,
485 2887 535 2959 sic
555 2909 708 2960 amorem
735 2899 872 2959 cunstat
891 2908 937 2958 ex
958 2883 1184 2960 similitudine

99 3012 295 3104 procreari:
323 3033 394 3104 quo
420 3010 460 3081 fit
483 3023 522 3084 ut
546 3035 651 3105 quam
669 3034 715 3082 ex
739 3021 834 3085 tanto
856 3010 1022 3082 nobilium
1041 3012 1184 3082 femina-

100 3152 178 3200 rum
203 3134 341 3222 agmine
375 3146 510 3206 maturo
537 3135 682 3206 consilio
708 3135 931 3227 praetulistis,
960 3153 1106 3205 neeesse
1137 3131 1183 3204 sit

101 3248 202 3321 vobis
219 3273 301 3323 esse
319 3255 540 3326 simillimam.
561 3246 662 3338 Quod
682 3278 760 3326 cum
783 3257 830 3326 ita
856 3256 917 3335 sit,
945 3255 1029 3348 quid
1058 3266 1183 3325 conse·

93 3374 218 3466 ¹quitur
240 3375 334 3446 aliud
356 3376 421 3445 nisi
448 3377 651 3471 prudentem
678 3382 768 3462 lore,
799 3389 943 3461 castam,
972 3376 1122 3448 sobriam
1147 3387 1183 3447 ct

99 3499 308 3578 modestam,
331 3500 486 3591 suscepti
507 3498 664 3571 beneficii
686 3520 891 3584 memorem,
912 3501 1018 3593 piam,
1040 3500 1181 3588 largam,

99 3630 270 3712 praeterea
312 3617 489 3690 liberalem
524 3633 559 3691 et
591 3623 625 3691 in
657 3623 748 3692 omni
777 3622 910 3693 actione
939 3619 1180 3700 iustissimam,

99 3743 245 3835 proinde
265 3741 548 3834 contemptricem
579 3744 757 3815 hominum
793 3745 1017 3836 reliquorum,
1051 3742 1182 3834 unique

99 3863 270 3935 duntaxat
289 3865 419 3936 amoris
440 3865 546 3948 vices,
570 3864 637 3936 fide
654 3866 839 3960 purissima
863 3866 1090 3936 referentem?
1110 3863 1179 3934 Nec

100 4007 155 4056 me
173 3989 295 4058 terruit
315 3987 361 4058 ab
381 3987 533 4058 adverso
561 3989 655 4079 quod
686 3998 807 4058 contra
839 4009 915 4057 eam
944 3985 1084 4058 verbale
1109 3983 1182 4057 bel-

100 4108 171 4179 lum
191 4109 386 4183 instituisse
406 4101 622 4181 videremini.
645 4108 804 4181 Sciebam
821 4110 911 4180 enim
939 4130 1042 4201 quarn
1059 4105 1179 4179 dulces
