2670 4688
121 301 180 360 loll
585 313 747 363 ranrluuu

122 453 250 524 siderio
264 454 437 534 leniendo,
452 454 672 545 levandoque
686 453 829 543 gemitui
848 451 976 523 visum
1000 464 1112 525 esset
1128 475 1239 547 expe-

121 574 234 656 diens;
255 587 291 647 et
312 578 429 673 valuit,
453 589 493 647 ut
513 587 591 670 post
612 596 707 666 smpe
740 575 927 665 suspirans
950 567 1156 670 n'unquam
1179 578 1239 646 lle·

123 694 248 778 verim,
272 720 519 790 nunquamque
539 697 719 788 deinceps,
750 708 786 765 ut
811 716 973 786 auguror
997 709 1040 768 et
1064 699 1150 791 ipse
1172 701 1237 769 tale

123 816 264 908 aliquod
291 819 438 890 lleturus
455 818 665 890 exhausisse
679 820 806 888 loutem
821 818 905 887 mihi
922 817 1044 891 video
1068 823 1236 892 lacrima·

123 961 212 1008 rum.
243 941 340 1010 Hanc
359 962 445 1031 ergo
467 940 545 1010 licet
567 941 684 1010 utilem
708 939 807 1023 mihi,
843 951 915 1009 tum
945 941 1041 1031 quia
1069 965 1146 1014 uon
1167 955 1234 1014 tam

123 1058 281 1130 virilibus
302 1083 408 1153 quam
429 1060 602 1131 flebilibus
622 1061 802 1133 sententiis
829 1061 930 1152 plena
960 1075 1049 1134 erat
1072 1066 1234 1146 occului,

123 1201 237 1271 neque
257 1182 321 1253 hac
339 1193 442 1253 aetate
460 1183 543 1252 milri
556 1185 709 1275 elapsam
733 1184 826 1265 sciri,
849 1203 968 1274 neque
985 1185 1064 1256 hac
1080 1188 1119 1258 iu
1134 1200 1237 1282 parto

123 1302 238 1393 operis
257 1302 324 1394 legi
347 1305 440 1374 illam
462 1326 537 1375 meo
552 1306 691 1374 nomine
709 1305 852 1396 dignum
873 1316 987 1376 ratus.
1012 1309 1073 1378 Tu
1094 1312 1161 1402 qui
1177 1322 1236 1382 tuo

123 1426 199 1495 iure
232 1438 350 1497 nostra
380 1429 496 1499 omnia
529 1426 743 1498 familiariter
765 1428 893 1509 nosciS,
914 1427 1063 1520 quique
1090 1433 1151 1503 his
1174 1437 1234 1505 otii

122 1547 233 1618 nostri
252 1549 346 1620 curis
362 1548 647 1634 transcribendis
667 1552 799 1643 primus
820 1550 976 1620 animum
1000 1573 1049 1623 ac
1073 1554 1233 1647 digitum

122 1669 317 1763 applicasti,
342 1675 452 1757 nulla,
476 1686 513 1744 ut
535 1681 632 1766 pulo,
656 1673 721 1744 alia
743 1695 780 1742 re
798 1673 945 1753 illectus,
967 1693 1093 1764 quam
1112 1681 1235 1751 varie-

122 1802 192 1864 tate
213 1815 253 1864 ac
271 1795 441 1878 novitate,
479 1806 515 1866 tu
547 1818 567 1865 e
591 1786 735 1865 latebris
757 1796 791 1864 in
814 1793 992 1885 publicum
1022 1796 1131 1871 illam
1165 1814 1235 1873 tra-

120 1913 187 1997 his,
213 1938 447 2008 quamquam
478 1930 547 1989 tuae
577 1916 751 1987 instantiae
772 1937 839 1985 non
860 1916 1070 2004 negandam
1103 1923 1234 1996 decre-

122 2034 270 2121 vissem,
290 2060 331 2110 ac
347 2049 379 2108 le
400 2042 497 2130 prius
519 2061 623 2132 quam
645 2040 737 2110 illam
757 2039 949 2130 scripturus
967 2059 1025 2120 eS,
1067 2054 1111 2114 et
1140 2046 1232 2117 alios

121 2158 183 2249 qui
209 2158 328 2228 lecturi
362 2161 634 2233 commonendos
667 2158 881 2238 existimavi,
921 2165 960 2227 ut
1000 2163 1160 2237 sciretis
1197 2167 1232 2238 id

121 2279 234 2371 ipsum
254 2281 502 2352 consolationis
524 2285 557 2352 in
575 2305 617 2355 ea
634 2304 715 2354 esse
728 2282 822 2376 quod
835 2281 1124 2356 consolatorium
1142 2291 1229 2360 milri

120 2413 228 2485 esset3
252 2403 302 2474 sio
322 2426 418 2476 eram
439 2406 529 2476 enim
553 2416 591 2476 ut
610 2405 803 2477 delectarer
814 2426 856 2475 eo
868 2403 969 2473 cuius
986 2425 1126 2480 omnes
1141 2435 1230 2483 con-

121 2527 227 2598 trario
247 2526 482 2598 delectantur:
506 2527 603 2598 malis
631 2529 719 2598 meis
744 2523 1000 2618 quodammodo
1029 2527 1230 2607 demulce-

121 2646 195 2719 bar.
218 2648 288 2721 Nec
310 2650 392 2721 milri
416 2670 567 2741 unquam
590 2651 713 2721 melius
732 2659 822 2734 erat,
839 2670 942 2741 quam
961 2647 1050 2719 dum
1069 2652 1225 2744 flebam,

121 2780 226 2862 atque
254 2772 403 2843 animam
437 2782 643 2843 aestuanlem
673 2774 851 2844 oculorum
883 2769 992 2840 imber
1021 2772 1225 2864 largifluus

120 2891 282 2962 leniebat.
305 2895 376 2963 Hoc
397 2894 431 2961 in
450 2905 653 2964 statueram
672 2892 755 2964 dum
769 2896 861 2964 illam
881 2891 1011 2983 scripsi,
1036 2904 1074 2965 et
1092 2897 1226 2972 adhuc

122 3017 208 3084 lorte
225 3035 339 3085 essem
362 3016 398 3085 ni
416 3014 651 3106 scripsissem:
667 3015 851 3086 scribendo
871 3025 905 3085 et
923 3010 1038 3082 flendo
1060 3021 1224 3107 perveni

120 3158 191 3229 quo
205 3135 443 3208 ratiocinando
456 3158 524 3207 uon
538 3138 796 3229 poteram.Haec
810 3136 870 3208 tibi
883 3134 1004 3219 amice,
1017 3144 1222 3235 tecumque

121 3263 198 3333 aliis
219 3263 247 3332 si
270 3283 358 3354 quos
379 3283 420 3333 ea
440 3282 496 3332 res
516 3273 675 3351 tangeret
697 3283 758 3353 pro
785 3260 925 3330 lamenti
940 3255 1031 3326 illius
1052 3281 1219 3336 excusa-

122 3387 213 3456 tione
233 3382 399 3468 dixerim,
422 3385 594 3476 simulque
627 3394 663 3454 ut
691 3392 726 3453 tu
748 3383 806 3474 qui
830 3392 879 3453 tot
910 3393 976 3451 tam
1007 3382 1109 3452 varia
1149 3409 1218 3460 no-

121 3508 214 3577 mina
236 3528 347 3600 usque
369 3528 460 3577 nunc
481 3505 676 3597 scripseris
704 3504 893 3576 amicorum
920 3501 1123 3575 nominibus
1148 3510 1217 3579 ali-

120 3631 260 3720 quando
283 3641 378 3700 tuum
400 3630 474 3722 ipse
495 3648 621 3699 nomen
643 3626 876 3709 adscriberes,
897 3645 999 3706 neve,
1023 3624 1106 3696 licet
1124 3649 1216 3702 sero

123 3752 208 3819 milri
228 3752 401 3842 cognitus
426 3753 459 3821 in
479 3752 543 3822 hac
564 3751 793 3824 amicitiarum
820 3749 893 3819 acie
923 3747 1127 3839 praeteritus
1154 3754 1215 3823 vi-

121 3869 254 3941 derere.
279 3876 372 3944 Vale.
