2670 4688
470 281 511 327 tlt:
532 283 632 330 nauus
654 284 875 333 l'luttlalttbbs

545 571 723 638 nusrmn
742 574 796 683 ιιι
813 612 830 671 ·,

220 733 412 790 rnancrsuus
434 742 600 791 namnam
623 743 656 793 n.
679 714 794 796 runmo
815 746 964 798 creusam
986 751 1014 799 s.
1038 751 1069 800 a.
1094 752 1126 801 n.

230 899 420 972 Reprehendit
434 909 563 957 naturam
578 903 638 957 eius
653 905 837 961 incoctantem
850 912 879 961 et
892 909 1114 965 contentiosam.

224 1160 398 1257 Epistolas
423 1175 500 1235 tuas
525 1162 586 1234 diu
613 1165 828 1256 multumque
847 1163 1078 1258 perquisitas,
1109 1178 1214 1266 alque

127 1279 186 1358 nbi
208 1287 351 1357 minime
373 1279 477 1356 rebar
497 1286 667 1369 iuventas,
691 1285 897 1359 avidissime
913 1289 1074 1382 perlegi:
1094 1294 1213 1366 audivi

127 1412 236 1481 multa
256 1420 289 1480 te
307 1407 494 1491 dicentem,
517 1409 625 1479 multa
649 1406 905 1502 deplorantem,
933 1410 1045 1483 multa
1071 1412 1213 1487 barian·

74 1568 77 1573 ·
127 1544 211 1615 tem,
230 1530 345 1601 Marce
364 1529 465 1614 Tulli,
489 1536 525 1599 et
543 1530 603 1622 qui
636 1526 842 1623 iamplidem
871 1530 983 1624 qualis
1014 1516 1212 1631 praeffiplor

126 1652 202 1723 aliis
227 1650 356 1721 luisses
376 1672 560 1733 noveram,
583 1673 677 1724 nunc
698 1652 836 1724 tandem
857 1653 939 1746 quis
959 1662 998 1725 tn
1023 1653 1088 1726 tibi
1113 1678 1211 1732 esses

125 1773 265 1865 agnovi.
284 1773 398 1844 Unum
421 1774 485 1846 boc
504 1774 660 1845 vicissim
682 1797 703 1845 a
722 1796 806 1847 vera
839 1774 983 1847 caritate
1014 1780 1209 1871 profectum

124 1896 282 1968 uoniam
307 1895 490 1968 consilium
513 1895 577 1968 sed
598 1898 785 1968 lamentum
812 1896 910 1982 audi,
935 1895 1143 1995 ubicunque
1160 1924 1209 1989 es,

124 2020 220 2114 quod
244 2041 336 2091 unus
362 2033 579 2115 posterorum
608 2019 656 2091 tui
681 2017 832 2091 nominis
853 2020 1125 2097 amantissimus
1145 2047 1210 2099 non

125 2141 201 2233 sine
222 2141 373 2213 lacrimis
393 2140 516 2212 lundit.
538 2141 565 2210 0
587 2138 738 2232 inquiete
759 2162 899 2235 semper
922 2151 959 2213 et
996 2145 1121 2231 anxie,
1158 2150 1210 2221 vel

125 2272 163 2332 ut
188 2255 297 2332 verba
327 2272 387 2332 tua
417 2282 660 2351 recognoscas
697 2282 719 2331 o
752 2283 909 2355 praeceps
941 2275 976 2336 et
1008 2267 1213 2341 calamitose

125 2404 249 2465 senex,
277 2381 361 2474 quid
395 2380 455 2455 tibi
482 2392 531 2454 tot
561 2383 843 2457 contentionibus
868 2394 904 2458 et
928 2407 1093 2481 prorsum
1127 2390 1211 2461 nihil

125 2508 315 2601 profuturis
342 2505 577 2579 simultatibus
602 2507 768 2580 voluisti?
799 2505 864 2577 Ubi
890 2518 926 2577 et
950 2509 1045 2579 aetati
1071 2521 1110 2583 et
1134 2532 1212 2606 pro

123 2629 265 2702 sessioni
291 2642 327 2703 et
356 2635 505 2706 fortunae
538 2640 608 2702 tuae
637 2629 849 2703 conveniens
878 2630 986 2701 otium
1015 2632 1213 2727 reliquisti?

123 2751 209 2834 Quis
236 2763 270 2823 te
294 2754 406 2826 falsus
432 2753 554 2845 gloriae
580 2751 746 2845 splendor
779 2771 898 2822 senem
932 2751 1211 2829 adolescentium

123 2871 224 2943 bellis
244 2872 425 2962 implicuit,
448 2885 484 2944 ct
503 2895 568 2967 per
592 2892 716 2944 omnes
736 2874 900 2944 iactatum
927 2894 1032 2945 casus
1052 2876 1102 2948 ad
1121 2875 1213 2950 indi·

123 3011 226 3085 gnam
248 2988 458 3082 philosopho
479 3001 625 3062 mortem
647 2993 784 3086 rapuit‘l
799 2995 893 3066 Heu!
913 3006 949 3066 et
965 2997 1110 3068 fraterni
1127 3020 1213 3072 con·

123 3115 190 3187 silii
210 3115 407 3194 immemor,
429 3121 465 3183 et
486 3124 623 3183 tuorum
652 3124 701 3186 tot
722 3114 914 3188 salubrium
935 3128 1208 3211 praeceplorum,

121 3260 185 3310 ceu
203 3246 396 3309 nocturnus
416 3235 532 3306 viator
551 3236 668 3307 lumen
686 3237 721 3307 in
739 3237 892 3310 tenebris
913 3250 1068 3331 gestans,
1087 3253 1210 3316 osten·

122 3361 204 3433 disti
239 3358 412 3431 secuturis
437 3360 573 3443 callem,
597 3359 630 3430 in
652 3383 722 3453 quo
745 3362 822 3454 ipse
848 3361 944 3433 satis·
959 3352 1212 3438 miserabiliter

122 3488 242 3579 lapsus
262 3504 314 3554 es.
336 3481 464 3552 Omitto
484 3481 702 3576 Dionysium,
734 3484 856 3554 omitto
884 3487 1026 3556 fratrem
1046 3494 1148 3557 tuum
1169 3509 1212 3559 ac

120 3618 298 3702 nepotem,
321 3604 458 3689 omitt0,
482 3606 512 3674 si
543 3607 669 3697 placet,
698 3607 809 3700 ipsum
844 3607 948 3677 etiam
972 3603 1208 3693 Dolabellam,

122 3751 210 3819 quos
231 3750 324 3799 nunc
348 3723 508 3797 laudibus
535 3725 579 3796 ad
604 3730 729 3798 caelum
750 3730 868 3811 effera,
893 3750 986 3798 nunc
1011 3730 1212 3820 repentinis

121 3849 315 3920 maledictis
348 3852 490 3921 laceras.
522 3848 662 3919 Fuerint
687 3849 762 3921 baec
796 3849 987 3922 tolerabilia
1026 3851 1204 3925 fortassis.

123 3965 246 4034 lulium
272 3994 413 4064 quoque
438 3973 610 4044 Caesarem
645 3970 894 4062 praetervehor,
921 3971 1021 4041 cuius
1048 3986 1211 4064 spectata

127 4088 307 4159 clementia
333 4095 448 4184 ipsum
486 4092 736 4167 lacessentibus
774 4103 894 4184 portus
931 4106 1016 4164 erat.
1041 4093 1210 4184 Magnum
