2670 4688
20 284 23 291 .
121 254 181 312 340
576 262 753 322 vtluAlrult

126 408 276 481 tuendus
295 418 330 480 ut
344 407 388 480 ad
402 402 566 501 quaelibet
586 428 730 504 aspera,
748 422 966 508 licetetiam
979 438 1236 536 impedimenta,

126 553 205 603 sese
226 542 408 625 praeparet.
431 531 502 602 lam
529 550 634 616 veru,
662 549 702 610 ut
725 552 829 620 tanta
858 555 1076 638 futurorum
1097 572 1236 664 caligine

126 655 356 749 circumsepta
389 653 640 727 immeditatum
676 664 768 737 nihil
807 679 933 765 possit
961 688 1147 776 accidere,
1177 695 1235 767 hoc

130 798 235 846 uuum
254 776 345 847 inter
366 776 448 847 vitae
474 771 637 848 tenebras
664 788 870 865 remedium
901 805 1029 876 noris:
1053 823 1233 903 expectare

129 900 262 984 omnia,
282 899 371 972 scire
391 898 474 969 nihil
488 918 556 968 nou
576 902 726 975 evenire
749 906 890 988 homini
910 945 1039 1016 posse,
1070 932 1156 1004 nihil
1178 933 1232 1007 lle

132 1044 209 1094 rum
230 1023 382 1095 omnium
400 1020 603 1105 consistere,
627 1022 789 1121 nihilque
813 1036 899 1112 ideo
921 1067 1151 1149 magnopere
1168 1079 1231 1128 me·

133 1145 315 1230 tuendum,
339 1143 420 1215 nihil
440 1141 707 1236 oplandumtde
729 1149 786 1223 his
807 1158 940 1252 loquor
958 1191 1048 1261 quae
1071 1178 1228 1250 miserum

133 1291 246 1361 genus
260 1268 451 1342 humanum
467 1266 650 1338 mulcendo
667 1270 828 1363 lugiunt,
849 1282 1029 1376 fugiendo
1051 1298 1227 1371 solicitant.

133 1392 309 1489 Quidquid
344 1392 573 1486 undequaque
610 1391 800 1486 contigerit
840 1403 995 1482 immota
1029 1418 1149 1491 fronte
1179 1442 1230 1492 su-

135 1518 283 1611 scipere,
305 1527 342 1587 et
359 1536 474 1587 rerum
495 1535 637 1586 suarum
660 1519 840 1612 proprium
862 1530 1071 1618 portionem
1081 1543 1228 1621 credere,

134 1652 171 1712 et
189 1640 326 1712 dicere:
348 1640 413 1710 hoc
435 1661 490 1709 me
512 1636 657 1721 latebat3
684 1641 771 1731 quid
796 1644 843 1717 ud
868 1656 976 1722 rem?
1008 1682 1085 1732 nnn
1111 1664 1228 1738 lambet

136 1765 244 1845 illum,
264 1765 317 1833 oui
337 1764 524 1857 praesentia
542 1772 577 1833 et
594 1766 687 1834 clara
708 1778 792 1837 sunt
811 1774 954 1846 omniu:
977 1778 1051 1855 hon
1070 1788 1227 1881 equidem

137 1908 191 1959 me
213 1885 382 1968 manebat,
407 1887 481 1957 lraec
503 1885 586 1957 milri
606 1908 699 1972 sors,
715 1886 773 1960 lric
789 1903 958 1971 votorum
986 1906 1113 1981 exitus
1132 1909 1228 1984 debe

137 2009 259 2098 batur:
282 2013 410 2107 placet,
425 2013 629 2102 amplector,
653 2011 798 2105 iusuper
817 2026 853 2087 et
877 2023 1017 2110 gratius
1037 2050 1121 2123 ago.
1143 2035 1226 2106 Deus

139 2135 293 2209 solicitus
320 2147 376 2206 est
400 2133 490 2215 mei;
517 2132 630 2203 carior
648 2133 695 2203 illi
722 2155 800 2207 sum
827 2145 934 2231 quam
963 2146 1072 2233 milri;
1099 2175 1224 2228 omnum

139 2259 196 2331 ille
215 2282 271 2331 me
294 2257 382 2350 regit
401 2277 442 2329 ac
463 2254 595 2348 dirigit,
622 2278 690 2327 uon
718 2257 752 2327 in
772 2259 979 2339 iucundiore
999 2272 1125 2347 forsan
1146 2280 1226 2349 calle

139 2382 204 2455 sed
226 2384 371 2457 tutiore:
393 2377 488 2454 aliud
508 2375 686 2474 optabam,
707 2381 770 2453 sed
796 2385 1012 2463 inconsulte:
1041 2416 1116 2468 uon
1141 2399 1226 2473 desi-

139 2505 238 2579 derio
262 2532 356 2581 nunc
375 2505 567 2580 consulitur
589 2503 650 2576 sed
669 2505 783 2576 saluti.
812 2507 898 2578 lllud
919 2511 1139 2606 delectabat,
1166 2524 1225 2596 hoc

139 2630 312 2724 proderit:
334 2635 478 2707 meliora
499 2631 645 2724 largitus
665 2639 721 2701 est
744 2630 804 2720 qui
826 2629 861 2699 iu
880 2632 1056 2712 electione
1077 2666 1151 2717 non
1172 2648 1229 2718 lul·

139 2738 428 2855 liturnrecipium
452 2777 520 2828 uun
548 2764 679 2828 tantum
707 2772 812 2846 aequo
842 2751 905 2824 sed
940 2757 1021 2830 laeto
1057 2778 1228 2863 gratoque

140 2876 267 2962 animo,
297 2892 334 2951 er
358 2882 392 2952 in
427 2880 599 2971 reliquum
635 2876 831 2966 permittam
865 2876 980 2969 ipsum
1007 2889 1227 2980 expendere,

144 3000 240 3071 iuxta
259 3001 406 3095 Satyrici
427 3000 619 3081 consilium,
640 2998 733 3090 quod

311 3193 500 3259 Conveniens
517 3195 604 3258 nobis
622 3195 777 3274 rebusque
795 3196 834 3260 slt
851 3195 924 3260 utile
941 3200 1066 3266 nostrie.

147 3375 300 3466 Longius
320 3369 475 3442 ferebar:
499 3371 561 3444 sed
577 3383 614 3443 ut
633 3370 793 3442 desinam
819 3370 877 3441 hic
902 3368 1046 3442 brevior
1073 3395 1233 3476 papyrus

145 3495 345 3571 admonuit:
371 3505 407 3565 et
427 3506 595 3586 praeterea
617 3491 718 3586 sequi
745 3494 910 3586 impetum
939 3495 1109 3585 temporis
1132 3512 1234 3574 vetor

146 3621 327 3714 angustiis.
349 3618 420 3690 Hoc
439 3617 514 3710 ipse
531 3616 588 3690 die
619 3618 682 3690 iter
700 3616 844 3709 arripio,
870 3626 905 3689 et
930 3615 994 3687 huc
1020 3616 1102 3710 ipsa
1127 3622 1235 3709 horu,

145 3746 205 3836 qui
228 3744 395 3837 procellas
416 3761 563 3834 perosus
592 3741 833 3812 Parmensium
861 3740 1087 3827 simultatum,
1108 3744 1234 3820 sedeur

145 3866 216 3936 otio
236 3867 355 3939 Italico
376 3866 550 3936 Mantuam
574 3864 827 3956 Pataviumqne
852 3862 1072 3954 delegeram,
1100 3866 1238 3943 Medio·

148 3987 217 4056 lani
243 3988 325 4058 milri
349 3988 453 4060 sedes
472 3990 542 4059 est!
568 3997 606 4058 ut
622 3996 789 4080 appareat
809 4008 892 4056 vera
914 4007 995 4056 esse
1018 4007 1102 4077 quae
1123 3994 1238 4087 loqui-

148 4130 235 4189 mur,
256 4132 431 4203 quamque
453 4110 534 4181 nilril
551 4132 598 4181 ex
619 4109 764 4179 consilio
786 4106 961 4179 succedat.
987 4107 1081 4178 Vale.
1112 4112 1149 4182 F.
