2670 4688
279 307 372 358 eman
392 306 893 359 vrcusruusramus-uarsrotn
914 309 956 357 ru.
1115 299 1152 360 ur

89 441 229 511 mirator
262 453 464 535 amatorque
497 463 614 512 rerum
650 442 918 525 excellentium,
956 444 1032 514 auri
1072 467 1158 516 vero

87 567 180 659 quod
200 567 355 658 quotidie
375 576 512 648 tractat,
533 586 707 658 opumque
725 566 910 648 fallacium,
930 567 997 637 nisi
1018 591 1080 660 pro
1095 590 1157 639 ne-

88 691 266 774 cessitate,
289 699 514 781 coutemptor.
540 691 584 760 Et
608 687 664 761 hic
688 687 828 781 quidem
855 689 925 759 iam
949 672 1051 761 aetate
1077 713 1157 784 pro-

87 813 234 898 vectior,
254 835 332 886 cum
353 815 440 883 forte
457 834 572 913 meum
590 832 718 882 nomen
734 811 892 883 audisset
909 814 1011 883 famae
1032 814 1158 884 lenoci-

86 936 145 1006 uio
163 935 343 1007 confestim
375 934 412 1005 iu
443 934 603 1007 amicitiae
634 956 724 1007 mese
757 934 911 1006 studium
932 935 1158 1007 vehementer

86 1071 278 1130 exarserat.
300 1058 455 1150 Longius
480 1080 557 1130 eam
587 1059 618 1130 si
650 1056 777 1149 quibus
806 1058 863 1128 ille
893 1058 1088 1129 tramitibus
1113 1058 1157 1130 ad

87 1179 192 1252 huius
214 1166 460 1253 modestissimi
480 1181 551 1253 voti
572 1200 758 1254 successus
775 1180 950 1264 ambierit,
977 1203 1155 1275 exequar3

86 1301 171 1394 quid
188 1301 268 1374 fidei
288 1303 580 1398 honestarumque
597 1304 841 1376 blanditiarum
863 1305 896 1374 in
918 1326 974 1375 me
992 1326 1158 1399 meosque

86 1443 208 1495 omnes
228 1425 438 1510 exercuerit,
459 1438 498 1498 ut
517 1425 562 1498 ad
582 1447 638 1496 me
658 1428 760 1517 longe
776 1427 928 1517 positum
945 1426 1158 1499 familiariter

86 1556 191 1637 atine
210 1547 372 1620 ardenter
386 1550 586 1632 accesserit,
608 1548 749 1640 ignotus
774 1549 874 1631 facie,
903 1546 1054 1620 sedium
1079 1569 1157 1642 pro-

85 1668 199 1760 posito
218 1680 321 1743 notus
338 1683 374 1743 ot
392 1673 541 1757 nomine,
558 1673 691 1765 quidve
707 1673 822 1745 auimo
839 1685 976 1764 gereret
993 1675 1027 1744 in
1045 1677 1156 1746 lronte

87 1801 189 1885 atque
208 1795 318 1867 oculis
339 1795 506 1890 scriptum
531 1794 674 1868 habens.
707 1794 797 1878 Quid
822 1800 949 1888 putas‘l
973 1797 1062 1867 Num
1088 1796 1155 1867 sihi

86 1937 142 1985 mc
175 1927 398 2008 negaturum,
431 1918 525 2012 quod
558 1920 651 1990 nulla
679 1918 875 2002 barbaries,
897 1920 1028 1990 nullum
1058 1920 1156 1990 lorox

86 2037 213 2109 animal
238 2043 425 2132 negasset?
449 2041 685 2112 Deliuimentis
704 2053 740 2113 et
760 2038 829 2115 fido
849 2061 890 2111 ao
911 2053 1077 2136 perpetuo
1097 2041 1158 2114 lle-

86 2183 155 2232 xus
186 2162 356 2256 obsequio
389 2175 459 2237 tota
485 2166 601 2237 virum
633 2176 748 2236 mente
786 2167 1003 2260 complector.
1037 2166 1158 2260 Neque

84 2287 176 2357 euim
198 2298 252 2358 sat
272 2310 328 2358 me
349 2287 523 2360 homiuem
540 2310 627 2372 rear,
643 2289 673 2359 si
694 2289 841 2360 honeste
861 2287 990 2360 amanti
1008 2288 1073 2360 sim
1090 2287 1158 2361 du-

86 2409 155 2478 rior
171 2407 216 2478 ad
230 2408 440 2479 reddendam
461 2411 583 2481 vicem.
602 2412 662 2480 llle
681 2421 795 2481 autem
814 2414 982 2495 extrltare,
1002 2413 1154 2501 gloriari,

86 2527 252 2614 gaudium
265 2527 370 2595 animi
383 2529 491 2610 vultu,
508 2551 602 2611 voce,
617 2540 721 2619 gestu
738 2532 894 2622 prodere,
913 2542 949 2602 et
965 2535 1066 2624 quasi
1084 2535 1156 2603 voti

85 2665 229 2738 compos
257 2647 498 2738 augustissimi
522 2649 643 2720 altiora
668 2652 841 2743 respicere
865 2662 901 2723 et
925 2664 1017 2725 totus
1044 2655 1079 2723 in
1105 2657 1157 2724 vi-

87 2791 163 2839 rum
184 2771 329 2842 alterum
351 2783 491 2865 repente
509 2773 681 2857 couverti3
703 2775 769 2845 iam
791 2774 938 2868 primum
961 2778 1155 2869 patrimonii

85 2893 139 2963 sui
159 2904 291 2987 partem
311 2918 380 2966 non
405 2896 571 2988 exiguam
598 2896 632 2968 iu
659 2921 773 2971 meum
799 2898 908 2972 decus
932 2901 1166 2994 expendere,

84 3016 237 3108 signum,
257 3041 396 3103 nomeu,
419 3019 606 3113 imaginem
632 3025 715 3094 novi
735 3023 835 3096 amici
857 3025 891 3095 iu
912 3025 1074 3096 omnibus
1091 3025 1155 3097 do-

84 3162 162 3211 mus
187 3161 262 3212 suae
288 3143 442 3233 angulis,
477 3143 541 3216 sed
572 3146 606 3215 in
642 3159 778 3237 pectore
811 3150 915 3220 altius
947 3150 1154 3239 insculptam

84 3263 226 3335 babere:
258 3276 391 3357 partem
420 3271 563 3341 alteram
597 3269 790 3341 scribendis
819 3291 1049 3362 quaecumque
1070 3266 1153 3337 mihi

85 3387 163 3458 stilo
179 3387 334 3480 quolibet
352 3388 572 3462 effluxerunt.
591 3392 635 3461 m
650 3413 717 3483 ego
735 3403 860 3484 negata
879 3389 1068 3463 maioribus
1088 3387 1153 3459 sibi

84 3508 178 3581 haud
199 3510 332 3581 duriter
352 3513 479 3602 scripta
496 3515 613 3605 largiri
631 3516 757 3586 ardore
774 3515 923 3585 hominis
942 3533 982 3582 ac
1001 3511 1154 3580 novitate

83 3633 250 3726 propositi
275 3630 477 3704 delectatus.
510 3636 601 3718 Quid
629 3639 707 3708 vis‘l
737 3636 902 3709 Paulatim
925 3636 982 3704 illc
1002 3632 1152 3727 priorem

83 3757 321 3840 vitamarias
357 3769 393 3828 et
425 3757 538 3829 studia
571 3781 756 3853 moresque
781 3757 961 3840 dedidicit,
995 3769 1030 3828 ot
1063 3777 1153 3850 pene

49 3896 52 3900 ·
83 3901 184 3951 omno
204 3879 298 3973 quod
317 3882 444 3965 fuerat,
467 3880 517 3951 sic
537 3883 648 3964 exuit,
684 3895 722 3954 ut
754 3882 808 3953 sni
837 3900 958 3951 omues
985 3878 1153 3948 mirentur

84 4025 124 4073 ac
164 4002 336 4098 stupeant
373 4004 427 4077 Ad
459 4014 671 4089 extromum,
701 4028 756 4076 me
787 4003 992 4075 dehortante
1017 4010 1052 4070 ot
1086 4021 1152 4070 sae·

84 4127 162 4220 pius
179 4129 400 4217 admonente,
434 4154 477 4204 ue
494 4153 574 4205 sero
604 4131 795 4204 litterarum
818 4127 934 4203 studio
958 4150 1079 4200 curam
1100 4125 1150 4194 rei
