<?xml version="1.0" encoding="UTF-8"?>
<!DOCTYPE html PUBLIC "-//W3C//DTD XHTML 1.0 Transitional//EN"
    "http://www.w3.org/TR/xhtml1/DTD/xhtml1-transitional.dtd">
<html xmlns="http://www.w3.org/1999/xhtml" xml:lang="en" lang="en">
 <head>
  <title>
</title>
<meta http-equiv="Content-Type" content="text/html;charset=utf-8" />
  <meta name='ocr-system' content='tesseract 3.04.00' />
  <meta name='ocr-capabilities' content='ocr_page ocr_carea ocr_par ocr_line ocrx_word'/>
</head>
<body>
  <div class='ocr_page' id='page_1' title='image "./epistolaederebu01fracgoog_0407.png"; bbox 0 0 2834 5086; ppageno 0'>
   <div class='ocr_carea' id='block_1_1' title="bbox 85 680 726 795">
    <p class='ocr_par' dir='ltr' id='par_1_1' title="bbox 85 680 726 795">
     <span class='ocr_line' id='line_1_1' title="bbox 85 680 726 795; baseline 0.039 -24"><span class='ocrx_word' id='word_1_1' title='bbox 85 680 143 742; x_wconf 57' lang='lat' dir='ltr'><em>m</em></span> <span class='ocrx_word' id='word_1_2' title='bbox 563 741 726 795; x_wconf 71' lang='lat' dir='ltr'>innuuntur</span> 
     </span>
    </p>
   </div>
   <div class='ocr_carea' id='block_1_2' title="bbox 86 838 1221 4649">
    <p class='ocr_par' dir='ltr' id='par_1_2' title="bbox 86 838 1221 4649">
     <span class='ocr_line' id='line_1_2' title="bbox 86 838 1221 983; baseline 0.045 -62"><span class='ocrx_word' id='word_1_3' title='bbox 86 838 189 929; x_wconf 56' lang='lat'>¹0⁰3&amp;</span> <span class='ocrx_word' id='word_1_4' title='bbox 206 844 276 917; x_wconf 68' lang='lat' dir='ltr'>sub</span> <span class='ocrx_word' id='word_1_5' title='bbox 297 858 469 955; x_wconf 79' lang='lat' dir='ltr'>podibus,</span> <span class='ocrx_word' id='word_1_6' title='bbox 490 882 543 951; x_wconf 89' lang='lat' dir='ltr'>sot</span> <span class='ocrx_word' id='word_1_7' title='bbox 564 906 636 957; x_wconf 89' lang='lat' dir='ltr'>non</span> <span class='ocrx_word' id='word_1_8' title='bbox 658 892 768 962; x_wconf 78' lang='lat' dir='ltr'>mutto</span> <span class='ocrx_word' id='word_1_9' title='bbox 784 911 892 983; x_wconf 84' lang='lat' dir='ltr'>snper</span> <span class='ocrx_word' id='word_1_10' title='bbox 910 894 1096 969; x_wconf 75' lang='lat' dir='ltr'>vertioem</span> <span class='ocrx_word' id='word_1_11' title='bbox 1116 902 1221 977; x_wconf 78' lang='lat' dir='ltr'>tere-</span> 
     </span>
     <span class='ocr_line' id='line_1_3' title="bbox 86 959 1217 1106; baseline 0.063 -76"><span class='ocrx_word' id='word_1_12' title='bbox 86 959 199 1033; x_wconf 86' lang='lat' dir='ltr'>batur.</span> <span class='ocrx_word' id='word_1_13' title='bbox 217 967 371 1055; x_wconf 73' lang='lat' dir='ltr'>Caterva</span> <span class='ocrx_word' id='word_1_14' title='bbox 391 1002 426 1064; x_wconf 86' lang='lat' dir='ltr'>te</span> <span class='ocrx_word' id='word_1_15' title='bbox 449 998 610 1079; x_wconf 79' lang='lat' dir='ltr'>virorum</span> <span class='ocrx_word' id='word_1_16' title='bbox 632 1013 771 1084; x_wconf 81' lang='lat' dir='ltr'>tortium</span> <span class='ocrx_word' id='word_1_17' title='bbox 792 1010 955 1106; x_wconf 82' lang='lat' dir='ltr'>stipabat.</span> <span class='ocrx_word' id='word_1_18' title='bbox 986 1026 1030 1088; x_wconf 90' lang='lat' dir='ltr'>tu</span> <span class='ocrx_word' id='word_1_19' title='bbox 1058 1024 1217 1101; x_wconf 72' lang='lat' dir='ltr'>medius</span> 
     </span>
     <span class='ocr_line' id='line_1_4' title="bbox 87 1093 1217 1221; baseline 0.061 -67"><span class='ocrx_word' id='word_1_20' title='bbox 87 1095 122 1155; x_wconf 85' lang='lat' dir='ltr'>et</span> <span class='ocrx_word' id='word_1_21' title='bbox 138 1093 276 1168; x_wconf 84' lang='lat' dir='ltr'>cunctis</span> <span class='ocrx_word' id='word_1_22' title='bbox 298 1106 491 1193; x_wconf 81' lang='lat' dir='ltr'><strong>sublimior</strong></span> <span class='ocrx_word' id='word_1_23' title='bbox 508 1130 662 1205; x_wconf 82' lang='lat' dir='ltr'>sedebas</span> <span class='ocrx_word' id='word_1_24' title='bbox 681 1134 830 1207; x_wconf 75' lang='lat' dir='ltr'>radianti</span> <span class='ocrx_word' id='word_1_25' title='bbox 850 1136 955 1217; x_wconf 81' lang='lat' dir='ltr'>sotio,</span> <span class='ocrx_word' id='word_1_26' title='bbox 978 1148 1087 1215; x_wconf 88' lang='lat' dir='ltr'>tanto</span> <span class='ocrx_word' id='word_1_27' title='bbox 1108 1166 1217 1221; x_wconf 87' lang='lat' dir='ltr'>mor-</span> 
     </span>
     <span class='ocr_line' id='line_1_5' title="bbox 88 1212 1215 1352; baseline 0.039 -49"><span class='ocrx_word' id='word_1_28' title='bbox 88 1212 146 1281; x_wconf 55' lang='lat' dir='ltr'>tali</span> <span class='ocrx_word' id='word_1_29' title='bbox 166 1221 285 1307; x_wconf 59' lang='lat' dir='ltr'>Specie</span> <span class='ocrx_word' id='word_1_30' title='bbox 303 1245 496 1328; x_wconf 67' lang='lat' dir='ltr'>augustior</span> <span class='ocrx_word' id='word_1_31' title='bbox 516 1266 624 1348; x_wconf 86' lang='lat' dir='ltr'>atque</span> <span class='ocrx_word' id='word_1_32' title='bbox 644 1260 846 1352; x_wconf 70' lang='lat' dir='ltr'>fulgentior,</span> <span class='ocrx_word' id='word_1_33' title='bbox 864 1272 902 1328; x_wconf 89' lang='lat' dir='ltr'>ut</span> <span class='ocrx_word' id='word_1_34' title='bbox 919 1258 986 1351; x_wconf 85' lang='lat' dir='ltr'>ipsi</span> <span class='ocrx_word' id='word_1_35' title='bbox 1005 1273 1045 1334; x_wconf 85' lang='lat' dir='ltr'>et</span> <span class='ocrx_word' id='word_1_36' title='bbox 1063 1265 1215 1345; x_wconf 73' lang='lat' dir='ltr'>Phoebo</span> 
     </span>
     <span class='ocr_line' id='line_1_6' title="bbox 88 1336 1214 1475; baseline 0.058 -72"><span class='ocrx_word' id='word_1_37' title='bbox 88 1336 245 1414; x_wconf 76' lang='lat' dir='ltr'>mouisse</span> <span class='ocrx_word' id='word_1_38' title='bbox 271 1352 454 1441; x_wconf 84' lang='lat' dir='ltr'>videreris</span> <span class='ocrx_word' id='word_1_39' title='bbox 479 1374 661 1453; x_wconf 84' lang='lat' dir='ltr'>invidiam.</span> <span class='ocrx_word' id='word_1_40' title='bbox 694 1380 871 1455; x_wconf 77' lang='lat' dir='ltr'>i&#39;otrebar</span> <span class='ocrx_word' id='word_1_41' title='bbox 900 1382 935 1452; x_wconf 91' lang='lat' dir='ltr'>in</span> <span class='ocrx_word' id='word_1_42' title='bbox 962 1382 1143 1475; x_wconf 82' lang='lat' dir='ltr'>circuitu,</span> <span class='ocrx_word' id='word_1_43' title='bbox 1171 1406 1214 1467; x_wconf 85' lang='lat' dir='ltr'>et</span> 
     </span>
     <span class='ocr_line' id='line_1_7' title="bbox 87 1473 1212 1589; baseline 0.058 -64"><span class='ocrx_word' id='word_1_44' title='bbox 87 1477 169 1529; x_wconf 84' lang='lat' dir='ltr'>eece</span> <span class='ocrx_word' id='word_1_45' title='bbox 190 1473 312 1546; x_wconf 87' lang='lat' dir='ltr'>tantus</span> <span class='ocrx_word' id='word_1_46' title='bbox 335 1494 491 1581; x_wconf 79' lang='lat' dir='ltr'>populus</span> <span class='ocrx_word' id='word_1_47' title='bbox 513 1502 582 1573; x_wconf 82' lang='lat' dir='ltr'>sub</span> <span class='ocrx_word' id='word_1_48' title='bbox 602 1504 714 1577; x_wconf 84' lang='lat' dir='ltr'>ocutis</span> <span class='ocrx_word' id='word_1_49' title='bbox 735 1506 824 1575; x_wconf 86' lang='lat' dir='ltr'>meis</span> <span class='ocrx_word' id='word_1_50' title='bbox 844 1516 931 1585; x_wconf 82' lang='lat' dir='ltr'>erat.</span> <span class='ocrx_word' id='word_1_51' title='bbox 956 1516 995 1575; x_wconf 84' lang='lat' dir='ltr'>ut</span> <span class='ocrx_word' id='word_1_52' title='bbox 1017 1530 1110 1582; x_wconf 87' lang='lat' dir='ltr'>eum</span> <span class='ocrx_word' id='word_1_53' title='bbox 1137 1536 1212 1589; x_wconf 79' lang='lat' dir='ltr'>neo</span> 
     </span>
     <span class='ocr_line' id='line_1_8' title="bbox 88 1582 1208 1721; baseline 0.033 -47"><span class='ocrx_word' id='word_1_54' title='bbox 88 1582 201 1653; x_wconf 51' lang='lat' dir='ltr'>&#39;¹¹⁰⁶st</span> <span class='ocrx_word' id='word_1_55' title='bbox 222 1592 345 1672; x_wconf 80' lang='lat' dir='ltr'>animo</span> <span class='ocrx_word' id='word_1_56' title='bbox 367 1628 523 1703; x_wconf 82' lang='lat' dir='ltr'>possem,</span> <span class='ocrx_word' id='word_1_57' title='bbox 546 1636 582 1696; x_wconf 88' lang='lat' dir='ltr'>et</span> <span class='ocrx_word' id='word_1_58' title='bbox 602 1627 704 1718; x_wconf 86' lang='lat' dir='ltr'>quasi</span> <span class='ocrx_word' id='word_1_59' title='bbox 723 1648 797 1721; x_wconf 77' lang='lat' dir='ltr'>prm</span> <span class='ocrx_word' id='word_1_60' title='bbox 818 1636 962 1718; x_wconf 85' lang='lat' dir='ltr'>stupore</span> <span class='ocrx_word' id='word_1_61' title='bbox 984 1626 1208 1709; x_wconf 82' lang='lat' dir='ltr'>deficerem.</span> 
     </span>
     <span class='ocr_line' id='line_1_9' title="bbox 89 1699 1209 1841; baseline 0.057 -72"><span class='ocrx_word' id='word_1_62' title='bbox 89 1699 354 1797; x_wconf 81' lang='lat' dir='ltr'>Percunotabar</span> <span class='ocrx_word' id='word_1_63' title='bbox 375 1743 548 1818; x_wconf 80' lang='lat' dir='ltr'>attonitus</span> <span class='ocrx_word' id='word_1_64' title='bbox 569 1772 678 1820; x_wconf 90' lang='lat' dir='ltr'>unum</span> <span class='ocrx_word' id='word_1_65' title='bbox 699 1772 746 1821; x_wconf 81' lang='lat' dir='ltr'>ex</span> <span class='ocrx_word' id='word_1_66' title='bbox 773 1751 814 1820; x_wconf 86' lang='lat' dir='ltr'>iis</span> <span class='ocrx_word' id='word_1_67' title='bbox 839 1747 899 1841; x_wconf 94' lang='lat' dir='ltr'>qui</span> <span class='ocrx_word' id='word_1_68' title='bbox 924 1750 1086 1841; x_wconf 80' lang='lat' dir='ltr'><strong>proximi</strong></span> <span class='ocrx_word' id='word_1_69' title='bbox 1116 1778 1209 1831; x_wconf 87' lang='lat' dir='ltr'>oon-</span> 
     </span>
     <span class='ocr_line' id='line_1_10' title="bbox 91 1826 1209 1966; baseline 0.052 -68"><span class='ocrx_word' id='word_1_70' title='bbox 91 1826 254 1909; x_wconf 80' lang='lat' dir='ltr'>stiterant</span> <span class='ocrx_word' id='word_1_71' title='bbox 279 1851 455 1939; x_wconf 81' lang='lat' dir='ltr'>quidnam</span> <span class='ocrx_word' id='word_1_72' title='bbox 477 1871 556 1941; x_wconf 85' lang='lat' dir='ltr'>miri</span> <span class='ocrx_word' id='word_1_73' title='bbox 580 1874 713 1966; x_wconf 78' lang='lat' dir='ltr'>quidue</span> <span class='ocrx_word' id='word_1_74' title='bbox 730 1872 897 1966; x_wconf 79' lang='lat' dir='ltr'>praestigii</span> <span class='ocrx_word' id='word_1_75' title='bbox 915 1869 1110 1961; x_wconf 69' lang='lat' dir='ltr'>viderem</span> <span class='ocrx_word' id='word_1_76' title='bbox 1138 1904 1209 1955; x_wconf 85' lang='lat' dir='ltr'>no·</span> 
     </span>
     <span class='ocr_line' id='line_1_11' title="bbox 90 1960 1207 2099; baseline 0.044 -77"><span class='ocrx_word' id='word_1_77' title='bbox 90 1968 162 2039; x_wconf 84' lang='lat' dir='ltr'>quo</span> <span class='ocrx_word' id='word_1_78' title='bbox 182 1960 278 2036; x_wconf 86' lang='lat' dir='ltr'>enim</span> <span class='ocrx_word' id='word_1_79' title='bbox 306 1995 387 2050; x_wconf 89' lang='lat' dir='ltr'>reor</span> <span class='ocrx_word' id='word_1_80' title='bbox 414 2009 570 2083; x_wconf 88' lang='lat' dir='ltr'>unquam</span> <span class='ocrx_word' id='word_1_81' title='bbox 593 1996 750 2088; x_wconf 84' lang='lat' dir='ltr'>potuisse</span> <span class='ocrx_word' id='word_1_82' title='bbox 770 1994 978 2086; x_wconf 73' lang='lat' dir='ltr'>vigesimam</span> <span class='ocrx_word' id='word_1_83' title='bbox 1004 1994 1111 2071; x_wconf 81' lang='lat' dir='ltr'>ittius</span> <span class='ocrx_word' id='word_1_84' title='bbox 1137 2024 1207 2099; x_wconf 84' lang='lat' dir='ltr'>po-</span> 
     </span>
     <span class='ocr_line' id='line_1_12' title="bbox 92 2074 1205 2213; baseline 0.033 -51"><span class='ocrx_word' id='word_1_85' title='bbox 92 2074 163 2162; x_wconf 71' lang='lat' dir='ltr'>it¹¹¹i</span> <span class='ocrx_word' id='word_1_86' title='bbox 187 2098 325 2173; x_wconf 64' lang='lat' dir='ltr'>partem</span> <span class='ocrx_word' id='word_1_87' title='bbox 348 2112 463 2183; x_wconf 85' lang='lat' dir='ltr'>terras</span> <span class='ocrx_word' id='word_1_88' title='bbox 485 2116 645 2189; x_wconf 84' lang='lat' dir='ltr'>incolere.</span> <span class='ocrx_word' id='word_1_89' title='bbox 672 2118 744 2189; x_wconf 77' lang='lat' dir='ltr'>Nec</span> <span class='ocrx_word' id='word_1_90' title='bbox 776 2115 973 2197; x_wconf 54' lang='lat' dir='ltr'>satiebat-im</span> <span class='ocrx_word' id='word_1_91' title='bbox 1007 2126 1205 2213; x_wconf 82' lang='lat' dir='ltr'>respondit</span> 
     </span>
     <span class='ocr_line' id='line_1_13' title="bbox 93 2194 1202 2331; baseline 0.055 -69"><span class='ocrx_word' id='word_1_92' title='bbox 93 2194 166 2279; x_wconf 87' lang='lat' dir='ltr'>itto;</span> <span class='ocrx_word' id='word_1_93' title='bbox 190 2228 260 2283; x_wconf 92' lang='lat' dir='ltr'>non</span> <span class='ocrx_word' id='word_1_94' title='bbox 281 2224 376 2299; x_wconf 90' lang='lat' dir='ltr'>onim</span> <span class='ocrx_word' id='word_1_95' title='bbox 397 2231 454 2307; x_wconf 86' lang='lat' dir='ltr'>hic</span> <span class='ocrx_word' id='word_1_96' title='bbox 471 2241 658 2331; x_wconf 78' lang='lat' dir='ltr'>praesentis</span> <span class='ocrx_word' id='word_1_97' title='bbox 681 2250 813 2311; x_wconf 86' lang='lat' dir='ltr'>tantum</span> <span class='ocrx_word' id='word_1_98' title='bbox 833 2239 897 2310; x_wconf 82' lang='lat' dir='ltr'>sed</span> <span class='ocrx_word' id='word_1_99' title='bbox 913 2238 1030 2309; x_wconf 85' lang='lat' dir='ltr'>omnis</span> <span class='ocrx_word' id='word_1_100' title='bbox 1048 2250 1202 2321; x_wconf 79' lang='lat' dir='ltr'>uenturi</span> 
     </span>
     <span class='ocr_line' id='line_1_14' title="bbox 93 2324 1201 2452; baseline 0.022 -32"><span class='ocrx_word' id='word_1_101' title='bbox 93 2324 164 2395; x_wconf 51' lang='grc' dir='ltr'>ἴω</span> <span class='ocrx_word' id='word_1_102' title='bbox 186 2345 358 2430; x_wconf 71' lang='lat' dir='ltr'>poputum</span> <span class='ocrx_word' id='word_1_103' title='bbox 372 2363 583 2435; x_wconf 78' lang='lat' dir='ltr'>convenisse</span> <span class='ocrx_word' id='word_1_104' title='bbox 598 2364 756 2445; x_wconf 81' lang='lat' dir='ltr'>noveris,</span> <span class='ocrx_word' id='word_1_105' title='bbox 770 2362 863 2432; x_wconf 86' lang='lat' dir='ltr'>iltius</span> <span class='ocrx_word' id='word_1_106' title='bbox 878 2361 1024 2452; x_wconf 81' lang='lat' dir='ltr'>imperio</span> <span class='ocrx_word' id='word_1_107' title='bbox 1038 2364 1074 2435; x_wconf 93' lang='lat' dir='ltr'>in</span> <span class='ocrx_word' id='word_1_108' title='bbox 1089 2370 1201 2443; x_wconf 72' lang='lat' dir='ltr'>cuius</span> 
     </span>
     <span class='ocr_line' id='line_1_15' title="bbox 96 2464 1200 2576; baseline 0.05 -64"><span class='ocrx_word' id='word_1_109' title='bbox 96 2464 203 2523; x_wconf 86' lang='lat' dir='ltr'>rnunu</span> <span class='ocrx_word' id='word_1_110' title='bbox 218 2468 335 2543; x_wconf 90' lang='lat' dir='ltr'>omnis</span> <span class='ocrx_word' id='word_1_111' title='bbox 350 2480 470 2551; x_wconf 91' lang='lat' dir='ltr'>mundi</span> <span class='ocrx_word' id='word_1_112' title='bbox 492 2506 584 2576; x_wconf 82' lang='lat' dir='ltr'>pars,</span> <span class='ocrx_word' id='word_1_113' title='bbox 607 2506 711 2555; x_wconf 86' lang='lat' dir='ltr'>omne</span> <span class='ocrx_word' id='word_1_114' title='bbox 731 2506 844 2574; x_wconf 79' lang='lat' dir='ltr'>genus</span> <span class='ocrx_word' id='word_1_115' title='bbox 866 2484 1060 2573; x_wconf 88' lang='lat' dir='ltr'>homiuum,</span> <span class='ocrx_word' id='word_1_116' title='bbox 1075 2494 1200 2565; x_wconf 75' lang='lat' dir='ltr'>omnio</span> 
     </span>
     <span class='ocr_line' id='line_1_16' title="bbox 96 2574 1198 2698; baseline 0.048 -63"><span class='ocrx_word' id='word_1_117' title='bbox 96 2574 296 2667; x_wconf 82' lang='lat' dir='ltr'>temporum</span> <span class='ocrx_word' id='word_1_118' title='bbox 314 2615 442 2672; x_wconf 87' lang='lat' dir='ltr'>cursus</span> <span class='ocrx_word' id='word_1_119' title='bbox 464 2618 529 2675; x_wconf 87' lang='lat' dir='ltr'>est.</span> <span class='ocrx_word' id='word_1_120' title='bbox 551 2606 594 2677; x_wconf 89' lang='lat' dir='ltr'>Et</span> <span class='ocrx_word' id='word_1_121' title='bbox 614 2605 699 2698; x_wconf 93' lang='lat' dir='ltr'>quid</span> <span class='ocrx_word' id='word_1_122' title='bbox 717 2604 797 2676; x_wconf 77' lang='lat' dir='ltr'>hic?</span> <span class='ocrx_word' id='word_1_123' title='bbox 816 2606 1001 2698; x_wconf 79' lang='lat' dir='ltr'>Nunquam</span> <span class='ocrx_word' id='word_1_124' title='bbox 1023 2604 1198 2687; x_wconf 74' lang='lat' dir='ltr'>hominos</span> 
     </span>
     <span class='ocr_line' id='line_1_17' title="bbox 97 2702 1191 2831; baseline 0.043 -70"><span class='ocrx_word' id='word_1_125' title='bbox 97 2702 168 2767; x_wconf 88' lang='lat' dir='ltr'>tam</span> <span class='ocrx_word' id='word_1_126' title='bbox 192 2702 315 2787; x_wconf 85' lang='lat' dir='ltr'>intenti</span> <span class='ocrx_word' id='word_1_127' title='bbox 337 2720 487 2797; x_wconf 80' lang='lat' dir='ltr'>suerunt.</span> <span class='ocrx_word' id='word_1_128' title='bbox 509 2730 694 2810; x_wconf 84' lang='lat' dir='ltr'>Eventum</span> <span class='ocrx_word' id='word_1_129' title='bbox 724 2727 846 2820; x_wconf 87' lang='lat' dir='ltr'>inquit.</span> <span class='ocrx_word' id='word_1_130' title='bbox 868 2728 935 2799; x_wconf 80' lang='lat' dir='ltr'>riri</span> <span class='ocrx_word' id='word_1_131' title='bbox 955 2728 1050 2800; x_wconf 79' lang='lat' dir='ltr'>iltius</span> <span class='ocrx_word' id='word_1_132' title='bbox 1071 2752 1191 2831; x_wconf 81' lang='lat' dir='ltr'>expe-</span> 
     </span>
     <span class='ocr_line' id='line_1_18' title="bbox 97 2828 1195 2943; baseline 0.039 -54"><span class='ocrx_word' id='word_1_133' title='bbox 97 2828 196 2896; x_wconf 82' lang='lat' dir='ltr'>ctant</span> <span class='ocrx_word' id='word_1_134' title='bbox 216 2832 266 2925; x_wconf 73' lang='lat' dir='ltr'>{ot</span> <span class='ocrx_word' id='word_1_135' title='bbox 290 2843 337 2916; x_wconf 87' lang='lat' dir='ltr'>ad</span> <span class='ocrx_word' id='word_1_136' title='bbox 358 2856 392 2919; x_wconf 88' lang='lat' dir='ltr'>te</span> <span class='ocrx_word' id='word_1_137' title='bbox 412 2853 531 2923; x_wconf 87' lang='lat' dir='ltr'>ocutos</span> <span class='ocrx_word' id='word_1_138' title='bbox 557 2852 699 2943; x_wconf 77' lang='lat' dir='ltr'>erexit),</span> <span class='ocrx_word' id='word_1_139' title='bbox 728 2851 774 2921; x_wconf 81' lang='lat' dir='ltr'>de</span> <span class='ocrx_word' id='word_1_140' title='bbox 798 2873 887 2943; x_wconf 89' lang='lat' dir='ltr'>quo,</span> <span class='ocrx_word' id='word_1_141' title='bbox 910 2861 948 2921; x_wconf 86' lang='lat' dir='ltr'>ut</span> <span class='ocrx_word' id='word_1_142' title='bbox 967 2850 1091 2937; x_wconf 87' lang='lat' dir='ltr'>vides,</span> <span class='ocrx_word' id='word_1_143' title='bbox 1122 2880 1195 2931; x_wconf 90' lang='lat' dir='ltr'>non</span> 
     </span>
     <span class='ocr_line' id='line_1_19' title="bbox 99 2956 1192 3067; baseline 0.037 -53"><span class='ocrx_word' id='word_1_144' title='bbox 99 2956 192 3023; x_wconf 84' lang='lat' dir='ltr'>terra</span> <span class='ocrx_word' id='word_1_145' title='bbox 216 2962 329 3039; x_wconf 87' lang='lat' dir='ltr'>sotum</span> <span class='ocrx_word' id='word_1_146' title='bbox 353 2972 417 3043; x_wconf 86' lang='lat' dir='ltr'>sed</span> <span class='ocrx_word' id='word_1_147' title='bbox 436 2977 563 3046; x_wconf 85' lang='lat' dir='ltr'>coetum</span> <span class='ocrx_word' id='word_1_148' title='bbox 586 2975 699 3067; x_wconf 88' lang='lat' dir='ltr'>ipsum</span> <span class='ocrx_word' id='word_1_149' title='bbox 721 2986 826 3066; x_wconf 83' lang='lat' dir='ltr'>atque</span> <span class='ocrx_word' id='word_1_150' title='bbox 847 2985 942 3043; x_wconf 85' lang='lat' dir='ltr'>astra</span> <span class='ocrx_word' id='word_1_151' title='bbox 959 2974 1192 3053; x_wconf 82' lang='lat' dir='ltr'>dissentiunt.</span> 
     </span>
     <span class='ocr_line' id='line_1_20' title="bbox 97 3071 1191 3177; baseline 0.032 -37"><span class='ocrx_word' id='word_1_152' title='bbox 97 3071 143 3144; x_wconf 80' lang='lat' dir='ltr'>sst</span> <span class='ocrx_word' id='word_1_153' title='bbox 164 3076 222 3153; x_wconf 80' lang='lat' dir='ltr'>his</span> <span class='ocrx_word' id='word_1_154' title='bbox 242 3088 397 3167; x_wconf 80' lang='lat' dir='ltr'>audiuit:</span> <span class='ocrx_word' id='word_1_155' title='bbox 422 3098 523 3169; x_wconf 85' lang='lat' dir='ltr'>audis</span> <span class='ocrx_word' id='word_1_156' title='bbox 549 3118 593 3168; x_wconf 85' lang='lat' dir='ltr'>ne</span> <span class='ocrx_word' id='word_1_157' title='bbox 621 3119 781 3167; x_wconf 91' lang='lat' dir='ltr'>murmur</span> <span class='ocrx_word' id='word_1_158' title='bbox 808 3095 1025 3167; x_wconf 84' lang='lat' dir='ltr'>aethereum‘?</span> <span class='ocrx_word' id='word_1_159' title='bbox 1052 3099 1191 3177; x_wconf 86' lang='lat' dir='ltr'>intendi</span> 
     </span>
     <span class='ocr_line' id='line_1_21' title="bbox 99 3218 1192 3310; baseline 0.028 -41"><span class='ocrx_word' id='word_1_160' title='bbox 99 3222 231 3292; x_wconf 83' lang='lat' dir='ltr'>nurum,</span> <span class='ocrx_word' id='word_1_161' title='bbox 247 3224 282 3284; x_wconf 83' lang='lat' dir='ltr'>et</span> <span class='ocrx_word' id='word_1_162' title='bbox 296 3238 380 3291; x_wconf 80' lang='lat' dir='ltr'>occo</span> <span class='ocrx_word' id='word_1_163' title='bbox 396 3222 491 3291; x_wconf 80' lang='lat' dir='ltr'>vetut</span> <span class='ocrx_word' id='word_1_164' title='bbox 508 3218 720 3289; x_wconf 83' lang='lat' dir='ltr'>adventante</span> <span class='ocrx_word' id='word_1_165' title='bbox 732 3219 884 3310; x_wconf 82' lang='lat' dir='ltr'>procella</span> <span class='ocrx_word' id='word_1_166' title='bbox 900 3219 1091 3292; x_wconf 71' lang='lat' dir='ltr'>tonitruum</span> <span class='ocrx_word' id='word_1_167' title='bbox 1108 3246 1192 3299; x_wconf 86' lang='lat' dir='ltr'>rau-</span> 
     </span>
     <span class='ocr_line' id='line_1_22' title="bbox 98 3332 1188 3437; baseline 0.028 -44"><span class='ocrx_word' id='word_1_168' title='bbox 98 3346 178 3397; x_wconf 88' lang='lat' dir='ltr'>oum</span> <span class='ocrx_word' id='word_1_169' title='bbox 200 3332 246 3405; x_wconf 87' lang='lat' dir='ltr'>do</span> <span class='ocrx_word' id='word_1_170' title='bbox 267 3338 360 3410; x_wconf 83' lang='lat' dir='ltr'>nubo</span> <span class='ocrx_word' id='word_1_171' title='bbox 382 3342 581 3432; x_wconf 77' lang='lat' dir='ltr'>longinqua.</span> <span class='ocrx_word' id='word_1_172' title='bbox 603 3342 708 3423; x_wconf 84' lang='lat' dir='ltr'>Mars,</span> <span class='ocrx_word' id='word_1_173' title='bbox 729 3339 849 3431; x_wconf 86' lang='lat' dir='ltr'>inquit,</span> <span class='ocrx_word' id='word_1_174' title='bbox 864 3341 994 3412; x_wconf 79' lang='lat' dir='ltr'>tulmen</span> <span class='ocrx_word' id='word_1_175' title='bbox 1013 3344 1188 3437; x_wconf 83' lang='lat' dir='ltr'>minatur,</span> 
     </span>
     <span class='ocr_line' id='line_1_23' title="bbox 100 3452 1189 3563; baseline 0.023 -44"><span class='ocrx_word' id='word_1_176' title='bbox 100 3452 164 3522; x_wconf 85' lang='lat' dir='ltr'>sod</span> <span class='ocrx_word' id='word_1_177' title='bbox 183 3454 312 3553; x_wconf 81' lang='lat' dir='ltr'>tupiter</span> <span class='ocrx_word' id='word_1_178' title='bbox 328 3471 384 3533; x_wconf 88' lang='lat' dir='ltr'>est</span> <span class='ocrx_word' id='word_1_179' title='bbox 402 3463 618 3554; x_wconf 82' lang='lat' dir='ltr'>tranquittus.</span> <span class='ocrx_word' id='word_1_180' title='bbox 635 3462 679 3530; x_wconf 86' lang='lat' dir='ltr'>Et</span> <span class='ocrx_word' id='word_1_181' title='bbox 691 3461 776 3553; x_wconf 89' lang='lat' dir='ltr'>quid</span> <span class='ocrx_word' id='word_1_182' title='bbox 794 3471 907 3555; x_wconf 84' lang='lat' dir='ltr'>putas,</span> <span class='ocrx_word' id='word_1_183' title='bbox 926 3463 1086 3555; x_wconf 89' lang='lat' dir='ltr'>inquam:</span> <span class='ocrx_word' id='word_1_184' title='bbox 1105 3472 1189 3563; x_wconf 82' lang='lat' dir='ltr'>quis</span> 
     </span>
     <span class='ocr_line' id='line_1_24' title="bbox 102 3576 1190 3677; baseline 0.019 -32"><span class='ocrx_word' id='word_1_185' title='bbox 102 3576 208 3651; x_wconf 82' lang='lat' dir='ltr'>truius</span> <span class='ocrx_word' id='word_1_186' title='bbox 231 3592 335 3655; x_wconf 79' lang='lat' dir='ltr'>tantm</span> <span class='ocrx_word' id='word_1_187' title='bbox 353 3583 607 3677; x_wconf 82' lang='lat' dir='ltr'>expectationis</span> <span class='ocrx_word' id='word_1_188' title='bbox 635 3586 777 3655; x_wconf 83' lang='lat' dir='ltr'>exitus?</span> <span class='ocrx_word' id='word_1_189' title='bbox 802 3586 908 3667; x_wconf 57' lang='lat' dir='ltr'>Deua</span> <span class='ocrx_word' id='word_1_190' title='bbox 935 3584 1059 3677; x_wconf 85' lang='lat' dir='ltr'>inquit,</span> <span class='ocrx_word' id='word_1_191' title='bbox 1086 3592 1190 3665; x_wconf 81' lang='lat' dir='ltr'>soluo</span> 
     </span>
     <span class='ocr_line' id='line_1_25' title="bbox 102 3704 1189 3799; baseline 0.014 -29"><span class='ocrx_word' id='word_1_192' title='bbox 102 3704 209 3773; x_wconf 88' lang='lat' dir='ltr'>novit.</span> <span class='ocrx_word' id='word_1_193' title='bbox 232 3707 301 3779; x_wconf 85' lang='lat' dir='ltr'>Sed</span> <span class='ocrx_word' id='word_1_194' title='bbox 323 3705 484 3799; x_wconf 85' lang='lat' dir='ltr'>quisquis</span> <span class='ocrx_word' id='word_1_195' title='bbox 509 3706 575 3776; x_wconf 89' lang='lat' dir='ltr'>erit</span> <span class='ocrx_word' id='word_1_196' title='bbox 606 3706 713 3777; x_wconf 84' lang='lat' dir='ltr'>latore</span> <span class='ocrx_word' id='word_1_197' title='bbox 738 3728 807 3777; x_wconf 95' lang='lat' dir='ltr'>non</span> <span class='ocrx_word' id='word_1_198' title='bbox 830 3705 955 3797; x_wconf 86' lang='lat' dir='ltr'>poterit</span> <span class='ocrx_word' id='word_1_199' title='bbox 974 3728 1040 3779; x_wconf 84' lang='lat' dir='ltr'>neo</span> <span class='ocrx_word' id='word_1_200' title='bbox 1067 3708 1189 3795; x_wconf 86' lang='lat' dir='ltr'>siteri;</span> 
     </span>
     <span class='ocr_line' id='line_1_26' title="bbox 100 3814 1189 3922; baseline 0.013 -30"><span class='ocrx_word' id='word_1_201' title='bbox 100 3827 215 3900; x_wconf 88' lang='lat' dir='ltr'>omnis</span> <span class='ocrx_word' id='word_1_202' title='bbox 254 3828 310 3899; x_wconf 87' lang='lat' dir='ltr'>hio</span> <span class='ocrx_word' id='word_1_203' title='bbox 342 3830 490 3922; x_wconf 83' lang='lat' dir='ltr'>populus</span> <span class='ocrx_word' id='word_1_204' title='bbox 532 3848 671 3921; x_wconf 86' lang='lat' dir='ltr'>semper</span> <span class='ocrx_word' id='word_1_205' title='bbox 710 3814 908 3898; x_wconf 80' lang='lat' dir='ltr'>inominerit</span> <span class='ocrx_word' id='word_1_206' title='bbox 941 3838 976 3899; x_wconf 86' lang='lat' dir='ltr'>et</span> <span class='ocrx_word' id='word_1_207' title='bbox 1009 3829 1189 3922; x_wconf 81' lang='lat' dir='ltr'>loquetur.</span> 
     </span>
     <span class='ocr_line' id='line_1_27' title="bbox 99 3948 1188 4043; baseline 0.009 -25"><span class='ocrx_word' id='word_1_208' title='bbox 99 3950 275 4031; x_wconf 85' lang='lat' dir='ltr'>Quantum</span> <span class='ocrx_word' id='word_1_209' title='bbox 300 3962 415 4021; x_wconf 73' lang='lat' dir='ltr'>tannen</span> <span class='ocrx_word' id='word_1_210' title='bbox 435 3948 597 4019; x_wconf 88' lang='lat' dir='ltr'>humanis</span> <span class='ocrx_word' id='word_1_211' title='bbox 619 3948 828 4020; x_wconf 86' lang='lat' dir='ltr'>coniecturis</span> <span class='ocrx_word' id='word_1_212' title='bbox 857 3948 1059 4042; x_wconf 83' lang='lat' dir='ltr'>praevidore</span> <span class='ocrx_word' id='word_1_213' title='bbox 1086 3950 1188 4043; x_wconf 81' lang='lat' dir='ltr'>ticet,</span> 
     </span>
     <span class='ocr_line' id='line_1_28' title="bbox 102 4068 1191 4165; baseline 0.011 -28"><span class='ocrx_word' id='word_1_214' title='bbox 102 4071 207 4143; x_wconf 75' lang='lat' dir='ltr'>vir-nx</span> <span class='ocrx_word' id='word_1_215' title='bbox 238 4083 274 4143; x_wconf 86' lang='lat' dir='ltr'>ot</span> <span class='ocrx_word' id='word_1_216' title='bbox 299 4070 463 4165; x_wconf 83' lang='lat' dir='ltr'>perennis</span> <span class='ocrx_word' id='word_1_217' title='bbox 482 4069 549 4141; x_wconf 83' lang='lat' dir='ltr'>erit</span> <span class='ocrx_word' id='word_1_218' title='bbox 569 4068 674 4140; x_wconf 85' lang='lat' dir='ltr'>huius</span> <span class='ocrx_word' id='word_1_219' title='bbox 698 4070 762 4141; x_wconf 88' lang='lat' dir='ltr'>viri</span> <span class='ocrx_word' id='word_1_220' title='bbox 784 4070 907 4161; x_wconf 80' lang='lat' dir='ltr'>gioria,</span> <span class='ocrx_word' id='word_1_221' title='bbox 932 4070 1037 4142; x_wconf 91' lang='lat' dir='ltr'>modo</span> <span class='ocrx_word' id='word_1_222' title='bbox 1058 4086 1191 4149; x_wconf 76' lang='lat' dir='ltr'>ventor</span> 
     </span>
     <span class='ocr_line' id='line_1_29' title="bbox 100 4189 1189 4276; baseline 0.012 -17"><span class='ocrx_word' id='word_1_223' title='bbox 100 4213 169 4263; x_wconf 90' lang='lat' dir='ltr'>non</span> <span class='ocrx_word' id='word_1_224' title='bbox 192 4196 331 4276; x_wconf 54' lang='lat' dir='ltr'>timeam</span> <span class='ocrx_word' id='word_1_225' title='bbox 353 4213 418 4264; x_wconf 87' lang='lat' dir='ltr'>neo</span> <span class='ocrx_word' id='word_1_226' title='bbox 439 4190 583 4263; x_wconf 79' lang='lat' dir='ltr'>timebit.</span> <span class='ocrx_word' id='word_1_227' title='bbox 606 4189 697 4275; x_wconf 85' lang='lat' dir='ltr'>Ouid</span> <span class='ocrx_word' id='word_1_228' title='bbox 720 4190 812 4262; x_wconf 84' lang='lat' dir='ltr'>enim</span> <span class='ocrx_word' id='word_1_229' title='bbox 839 4201 973 4262; x_wconf 79' lang='lat' dir='ltr'>metuat</span> <span class='ocrx_word' id='word_1_230' title='bbox 993 4192 1050 4263; x_wconf 87' lang='lat' dir='ltr'>oui</span> <span class='ocrx_word' id='word_1_231' title='bbox 1072 4190 1189 4271; x_wconf 82' lang='lat' dir='ltr'>fixum</span> 
     </span>
     <span class='ocr_line' id='line_1_30' title="bbox 102 4312 1190 4409; baseline 0.014 -31"><span class='ocrx_word' id='word_1_232' title='bbox 102 4312 159 4397; x_wconf 84' lang='lat' dir='ltr'>sit,</span> <span class='ocrx_word' id='word_1_233' title='bbox 187 4319 217 4387; x_wconf 89' lang='lat' dir='ltr'>si</span> <span class='ocrx_word' id='word_1_234' title='bbox 244 4325 416 4409; x_wconf 81' lang='lat' dir='ltr'>oporteat,</span> <span class='ocrx_word' id='word_1_235' title='bbox 444 4336 509 4409; x_wconf 91' lang='lat' dir='ltr'>pro</span> <span class='ocrx_word' id='word_1_236' title='bbox 541 4315 671 4386; x_wconf 79' lang='lat' dir='ltr'>virtuto</span> <span class='ocrx_word' id='word_1_237' title='bbox 696 4315 807 4385; x_wconf 83' lang='lat' dir='ltr'>mori?</span> <span class='ocrx_word' id='word_1_238' title='bbox 827 4314 940 4385; x_wconf 93' lang='lat' dir='ltr'>Unum</span> <span class='ocrx_word' id='word_1_239' title='bbox 963 4336 1108 4403; x_wconf 83' lang='lat' dir='ltr'>vereor,</span> <span class='ocrx_word' id='word_1_240' title='bbox 1142 4340 1190 4393; x_wconf 82' lang='lat' dir='ltr'>uo</span> 
     </span>
     <span class='ocr_line' id='line_1_31' title="bbox 101 4433 1190 4528; baseline 0.017 -31"><span class='ocrx_word' id='word_1_241' title='bbox 101 4438 333 4522; x_wconf 85' lang='lat' dir='ltr'>quorumdam</span> <span class='ocrx_word' id='word_1_242' title='bbox 355 4458 402 4507; x_wconf 83' lang='lat' dir='ltr'>ex</span> <span class='ocrx_word' id='word_1_243' title='bbox 427 4436 488 4521; x_wconf 87' lang='lat' dir='ltr'>eis,</span> <span class='ocrx_word' id='word_1_244' title='bbox 516 4436 575 4528; x_wconf 94' lang='lat' dir='ltr'>qui</span> <span class='ocrx_word' id='word_1_245' title='bbox 602 4456 721 4507; x_wconf 85' lang='lat' dir='ltr'>senum</span> <span class='ocrx_word' id='word_1_246' title='bbox 755 4433 790 4503; x_wconf 88' lang='lat' dir='ltr'>in</span> <span class='ocrx_word' id='word_1_247' title='bbox 822 4434 980 4507; x_wconf 83' lang='lat' dir='ltr'>eiusdem</span> <span class='ocrx_word' id='word_1_248' title='bbox 1000 4440 1190 4517; x_wconf 80' lang='lat' dir='ltr'>cacumine</span> 
     </span>
     <span class='ocr_line' id='line_1_32' title="bbox 102 4554 1189 4649; baseline 0.017 -30"><span class='ocrx_word' id='word_1_249' title='bbox 102 4558 227 4628; x_wconf 87' lang='lat' dir='ltr'>montis</span> <span class='ocrx_word' id='word_1_250' title='bbox 245 4565 340 4637; x_wconf 86' lang='lat' dir='ltr'>sunt,</span> <span class='ocrx_word' id='word_1_251' title='bbox 362 4554 449 4628; x_wconf 74' lang='lat' dir='ltr'>oues</span> <span class='ocrx_word' id='word_1_252' title='bbox 468 4555 602 4641; x_wconf 78' lang='lat' dir='ltr'>titubet,</span> <span class='ocrx_word' id='word_1_253' title='bbox 625 4555 764 4649; x_wconf 87' lang='lat' dir='ltr'>obtiqno</span> <span class='ocrx_word' id='word_1_254' title='bbox 784 4555 888 4629; x_wconf 87' lang='lat' dir='ltr'>nimis</span> <span class='ocrx_word' id='word_1_255' title='bbox 906 4558 1018 4632; x_wconf 79' lang='lat' dir='ltr'>atiena</span> <span class='ocrx_word' id='word_1_256' title='bbox 1036 4580 1189 4637; x_wconf 82' lang='lat' dir='ltr'>cerneu-</span> 
     </span>
    </p>
   </div>
   <div class='ocr_carea' id='block_1_3' title="bbox 0 0 1435 5086">
    <p class='ocr_par' dir='ltr' id='par_1_3' title="bbox 0 0 1435 5086">
     <span class='ocr_line' id='line_1_33' title="bbox 0 0 1435 5086; baseline 0 0"><span class='ocrx_word' id='word_1_257' title='bbox 0 0 1435 5086; x_wconf 95' lang='lat' dir='ltr'> </span> 
     </span>
    </p>
   </div>
  </div>
 </body>
</html>
