2834 5086
316 325 408 370 uruuu
433 324 595 371 uruusruus
617 322 1001 370 securibus—mussona
1026 324 1076 370 uu.
1184 313 1241 371 lod

161 469 229 538 lum
251 487 367 537 meum
385 463 566 546 viderem3
583 461 667 534 nibil
688 464 781 533 enim
799 463 905 533 ferme
924 462 994 535 iam
1015 464 1139 556 reliqui
1153 474 1241 549 erat,

159 600 286 683 praeter
301 608 430 683 corpus
446 609 488 660 ac
504 585 622 669 libros,
641 585 677 656 in
694 582 788 677 quod
805 583 899 656 avidi
916 595 1061 676 possent
1076 606 1118 656 ao
1136 586 1241 657 fame·

159 712 213 783 lici
234 710 363 783 saevire
387 707 582 781 carnifices.
609 709 697 779 Dum
723 708 801 777 illos
821 704 930 797 fugio,
952 707 1067 795 nullas
1091 706 1242 793 latebras

159 835 271 904 nullas
291 832 474 923 angustias
494 849 705 901 recusarem.
725 830 808 899 Tam
829 827 909 898 latis
925 829 1019 897 enim
1040 836 1108 899 tam
1130 849 1243 899 remo-

160 956 205 1025 tis
226 956 259 1024 in
283 953 422 1025 aedibus
443 951 612 1023 habitanti
633 953 689 1021 vel
710 949 878 1022 familiare
897 948 1085 1020 discrimen
1106 949 1152 1021 de
1173 971 1244 1042 quo

159 1078 233 1148 dixi
255 1077 393 1158 aderat,
415 1076 474 1145 vel
495 1075 526 1145 si
545 1075 623 1145 illos
644 1072 822 1154 dicerem,
845 1080 923 1142 erat
945 1072 977 1141 in
993 1094 1036 1143 eo
1048 1081 1143 1142 statu
1163 1071 1245 1143 soli·

106 1219 114 1237 ·
161 1200 245 1271 tudo
265 1199 342 1292 ipsa
361 1196 558 1269 discrimen.
578 1196 613 1265 Si
636 1195 776 1287 quidem
799 1194 955 1286 paucitas
976 1214 1056 1286 quae
1077 1197 1192 1286 ampla
1208 1194 1242 1265 in

158 1321 264 1392 domo
284 1320 434 1392 solitudo
452 1328 522 1401 est,
544 1317 589 1389 ad
610 1324 797 1408 augustam
814 1317 843 1385 si
864 1326 1031 1399 transeat,
1048 1315 1147 1388 turba
1167 1316 1242 1389 erit.

160 1442 215 1514 Sic
237 1440 423 1535 hospitium
440 1449 477 1510 et
496 1459 625 1530 magna
644 1459 692 1508 ex
713 1446 811 1528 parte
831 1437 971 1509 modurn
993 1438 1075 1509 vitae
1095 1438 1140 1510 ad
1159 1450 1244 1509 tem-

159 1586 226 1657 pus
253 1573 387 1636 mutare
413 1573 554 1634 coactus
582 1581 683 1631 surn:
717 1581 787 1630 non
813 1557 889 1631 sine
918 1563 1115 1651 cogentium
1143 1563 1241 1652 gravi

159 1698 275 1759 tameo
292 1683 521 1757 incommodo.
536 1682 622 1755 Nam
642 1705 721 1753 curn
736 1703 779 1753 eo
796 1704 909 1775 usque
928 1705 1137 1777 progressos
1150 1696 1245 1756 esset

149 1798 294 1881 illorum
316 1811 411 1879 furor
431 1805 599 1888 avaritiae,
623 1805 772 1876 stimulis
793 1815 829 1875 et
851 1804 946 1875 rabie
966 1817 1065 1877 actus
1083 1806 1242 1891 invidiae,

159 1939 198 2002 ut
216 1952 272 2001 me
292 1951 409 2001 coram
430 1949 544 2020 neque
564 1929 667 1999 vultu
686 1949 771 2010 meo,
796 1949 910 2019 neque
932 1927 1035 1999 minis
1056 1935 1117 1996 aut
1135 1927 1246 2018 preci-

158 2052 226 2125 bus
247 2051 367 2123 inflexi
396 2071 476 2122 sese
499 2048 625 2141 gladiis
647 2070 759 2142 usque
776 2048 822 2121 ad
840 2060 985 2120 mortem
1006 2046 1243 2133 confoderent,

159 2176 249 2248 victa
270 2175 413 2246 demum
431 2172 612 2268 patientia,
626 2172 787 2245 abdicavi
812 2173 889 2245 illos
909 2196 930 2245 a
955 2193 1021 2242 me.
1045 2171 1129 2243 Utor
1152 2171 1245 2241 enirn

159 2296 268 2367 verbo
290 2297 412 2389 patrio,
433 2295 528 2387 quod
548 2316 616 2385 ego
637 2294 702 2364 illis
722 2317 807 2367 vere
829 2308 928 2387 pater
947 2297 1101 2378 ineram,
1122 2314 1246 2385 quam-

159 2440 265 2510 quam
291 2415 339 2483 illi
362 2415 445 2483 mibi
470 2436 539 2484 non
561 2415 620 2483 lilii
642 2415 705 2485 sed
729 2416 953 2487 insidiatores
974 2424 1111 2498 essent,
1133 2438 1174 2487 ao
1199 2416 1246 2487 si·

160 2537 243 2606 carii
269 2535 438 2622 furesque
469 2532 663 2605 domestici.
696 2536 742 2605 Et
765 2557 859 2605 nnnc
883 2535 1036 2606 babeant
1070 2556 1154 2606 saue
1179 2536 1245 2607 sibi

161 2658 311 2726 fructum
339 2656 510 2724 scelernm
536 2674 703 2725 suorum:
725 2676 851 2747 nempe
875 2676 945 2726 non
967 2655 1119 2749 sopitum
1144 2656 1247 2729 modo

162 2776 226 2848 sed
246 2777 483 2849 insensibilem
510 2800 566 2850 me
584 2779 664 2864 rati,
690 2798 805 2870 eoque
825 2775 891 2848 sibi
918 2783 1120 2871 perpetuam
1146 2797 1248 2870 gras-

162 2899 262 2973 sandi
275 2899 449 2973 licentiam
461 2901 716 2995 promittentes,
731 2909 766 2971 et
783 2893 963 2985 furtorum,
979 2902 1057 2994 pro!
1075 2899 1142 2986 Dii,
1161 2899 1246 2971 nibil

160 3023 227 3093 sibi
246 3045 295 3094 ex
319 3025 413 3097 omni
440 3045 504 3096 sua
529 3025 682 3118 nequitia
709 3034 839 3117 praeter
860 3023 994 3096 fluxum
1021 3025 1116 3114 gulae
1137 3043 1248 3114 nego·

159 3145 250 3215 oium
272 3166 314 3216 ac
333 3145 485 3218 libidinis
506 3148 719 3240 quaesivere.
736 3149 856 3240 ltaque
877 3146 966 3218 bene
987 3145 1110 3216 habet:
1125 3145 1244 3230 brevi,

161 3267 196 3335 ni
216 3267 327 3350 fallor,
349 3270 514 3340 esurient.
534 3271 603 3342 lam
618 3271 710 3341 enim
729 3273 820 3342 fastu
832 3269 1002 3361 deposito,
1022 3265 1186 3338 submissi
1204 3286 1246 3339 ao

161 3388 286 3461 deiecti
307 3387 455 3460 reditum
475 3400 597 3462 orant:
617 3413 722 3484 qoem
743 3391 774 3462 si
793 3392 987 3483 impetrent,
1011 3391 1111 3482 plane
1131 3389 1245 3460 omnis

161 3510 348 3603 praeteritae
362 3512 559 3605 futuraeque
576 3511 733 3605 perfidiae
751 3512 890 3584 veniam
908 3512 1150 3601 licentiamque
1166 3531 1246 3601 per-

161 3634 287 3725 cipient
301 3655 386 3724 :ego
398 3646 515 3705 autem
535 3655 605 3705 non
626 3635 730 3707 modo
746 3634 897 3717 damnis,
920 3633 1068 3715 iniuriis,
1096 3632 1244 3704 fastidiis

161 3777 300 3847 premar
332 3769 369 3828 ut
403 3758 515 3839 soleo,
550 3756 614 3828 sed
640 3756 763 3828 solatio
795 3757 899 3827 etiam
926 3755 1046 3850 priver
1071 3754 1242 3826 inutilium

161 3879 394 3965 querelarum.
414 3879 521 3949 lllulto
546 3878 676 3971 quippe
700 3877 835 3953 facilius
861 3877 1007 3948 inducar
1030 3876 1244 3971 quibuslibet

162 3994 321 4071 hostibus
343 4022 399 4072 me
423 3999 567 4085 dedere,
590 4019 695 4092 quam
723 3999 765 4069 iis
789 4020 937 4091 quorum
959 3999 1036 4093 ipse
1059 4001 1242 4092 segnitiem

161 4119 400 4215 saevitiamque
421 4144 526 4214 cogar
544 4126 656 4205 alere;
679 4143 757 4193 nam
774 4132 812 4192 ut
826 4130 859 4191 te
882 4120 991 4192 bostis
1011 4120 1128 4207 ledat,
1148 4144 1242 4194 com-
