2670 4688
182 278 243 338 tttt
522 288 562 335 un
583 288 683 337 uncus
704 288 928 339 rrrrrrrrnrnns

184 452 280 525 saepe
300 452 420 501 secum
439 450 590 522 agerem,
609 441 646 502 et
662 431 719 501 illc
737 452 876 524 semper
889 432 1043 505 intentus
1056 455 1127 506 ceu
1141 438 1278 529 patrios

184 552 337 626 monitus
358 551 507 635 audiret,
530 553 649 625 incidit
671 566 708 627 ut
728 576 838 648 nuper
853 576 899 627 ex
917 576 1013 627 more
1029 556 1132 628 illum
1151 557 1278 630 admo

184 676 279 748 uenti
302 678 369 747 tale
394 696 602 768 responsum
624 676 734 747 daret.
758 706 774 741 r
796 677 1071 769 lntclligoenim,
1091 679 1221 771 inquit,
1241 691 1277 750 et

188 826 204 859 a
234 798 344 868 lateor·
357 798 404 869 ita
417 819 500 869 esse
515 798 664 869 utdicis.
682 797 751 869 Sed
764 799 887 870 alienis
903 800 961 883 uti,
983 799 1109 892 paucis
1127 801 1275 892 quidem

189 950 205 984 r
233 933 270 992 ct
289 921 324 992 id
345 940 438 1003 ruro,
462 922 647 992 multorum
666 930 772 1013 etque
792 931 873 992 ante
892 922 980 993 alios
1006 921 1120 992 vestri
1146 923 1274 1015 peruri-

189 1073 205 1108 »
235 1044 341 1114 serim
356 1042 403 1113 ab
414 1044 589 1136 exemplo.
608 1070 625 1106 u
641 1044 702 1113 llic
715 1064 782 1134 ego
796 1044 991 1116 admirans:
1015 1045 1190 1137 «Siquid
1211 1067 1273 1117 nn·

191 1194 206 1231 u
233 1188 351 1259 quam,
374 1166 431 1249 fili,
457 1167 524 1237 tale
547 1166 633 1237 meis
661 1168 696 1236 in
721 1166 935 1239 carminibus
953 1166 1109 1250 invenis,
1130 1168 1221 1239 scito
1238 1166 1272 1239 id

190 1318 205 1355 n
236 1311 304 1361 non
325 1288 442 1361 ludicii
465 1290 532 1360 mei
555 1309 654 1375 esse,
683 1287 748 1360 sed
773 1290 915 1361 erroris.
947 1288 1024 1359 Etsi
1048 1288 1145 1361 euim
1180 1289 1272 1363 mille

191 1440 207 1477 r
235 1413 368 1506 passim
387 1413 466 1483 talin
485 1412 518 1482 in
537 1411 649 1504 poetis
667 1414 749 1495 sint,
773 1410 832 1482 nbi
859 1411 990 1485 scilicet
1012 1414 1101 1483 alter
1126 1414 1270 1485 alterius

191 1565 206 1599 a
236 1535 354 1607 verbis
377 1555 462 1605 usus
483 1544 551 1617 est,
574 1533 659 1604 mibi
679 1546 797 1605 tamen
815 1533 899 1605 nihil
917 1533 1100 1626 operosius
1119 1534 1156 1605 in
1188 1535 1272 1611 scri·

192 1655 350 1727 »beudo
383 1655 539 1749 nihilque
568 1656 743 1728 difficilius
777 1678 816 1728 se
849 1657 965 1742 offert,
999 1678 1105 1750 quam
1140 1659 1271 1730 etmel

192 1778 346 1872 »ipsius
371 1787 407 1851 ct
431 1780 541 1852 multo
570 1781 725 1851 maxime
757 1778 1029 1872 praecedentium
1062 1779 1181 1851 vitare
1214 1802 1273 1852 ve

192 1929 207 1967 n
236 1900 350 1993 stigia.
372 1900 442 1975 Sed
463 1901 520 1974 ubi
541 1924 634 1985 nem,
656 1922 793 1993 quaeso,
812 1911 868 1974 est
882 1886 973 1973 un‘de
988 1901 1078 1973 banc
1092 1900 1155 1973 tibi
1170 1905 1273 1977 licen·

191 2054 206 2089 u
237 2026 388 2097 tiumex
410 2048 464 2097 me
498 2025 664 2096 sumisir
701 2025 829 2109 Sexte,
868 2024 998 2117 inquit,
1039 2023 1090 2095 tui
1128 2025 1273 2099 bucolici

191 2177 205 2212 u
234 2148 400 2220 carminis
419 2149 546 2238 egloga
567 2156 636 2230 est,
656 2145 725 2228 ubi,
744 2146 839 2219 baud
859 2150 979 2239 procul
1001 2168 1021 2218 a
1042 2143 1120 2230 flue.
1146 2170 1274 2223 versus

192 2287 207 2333 r
236 2290 328 2339 unus
348 2269 392 2338 ita
411 2267 554 2350 desinit,
574 2277 670 2357 utque
686 2270 818 2337 intonat
834 2290 900 2338 are.
924 2298 939 2330 r>
960 2269 1157 2363 Obstupui:
1177 2274 1275 2345 sensi

186 2390 291 2471 enim,
314 2387 371 2460 illo
393 2390 563 2482 loquente,
590 2388 686 2483 quod
711 2413 768 2462 ma
794 2390 969 2463 scribente
990 2412 1059 2463 non
1080 2412 1274 2477 senseram,

189 2508 294 2582 finem
315 2532 395 2586 esse
415 2511 595 2603 virgiliani
617 2534 744 2586 versus
772 2525 875 2587 sexto
893 2512 1003 2585 divini
1024 2513 1153 2609 operis,
1169 2515 1277 2612 idque

188 2635 248 2706 tibi
265 2636 432 2709 nunciare
453 2636 626 2732 disposui,
650 2660 718 2709 non
739 2637 835 2731 quod
860 2639 950 2725 ullus
972 2637 1184 2708 correctioni
1203 2660 1278 2711 am-

186 2758 277 2849 plius
312 2760 410 2830 locus
437 2761 497 2843 sit,
520 2761 673 2832 carmine
699 2760 756 2829 illo
782 2761 850 2829 late
876 2757 944 2826 iam
972 2755 1113 2849 cognito
1132 2778 1178 2831 ac
1199 2762 1278 2833 vul·

186 2888 284 2967 gato,
307 2877 370 2946 sed
391 2890 429 2948 ut
452 2890 485 2949 te
506 2880 619 2970 ipsum
641 2900 782 2969 argues,
800 2876 860 2969 qui
879 2877 964 2947 mibi
981 2900 1136 2951 errorem
1156 2902 1276 2954 meum

186 2997 281 3069 bunc
301 2997 443 3068 indicari
458 2997 555 3092 prius
575 2999 621 3071 ab
641 3001 709 3071 alio
730 3020 857 3091 passus
879 2999 944 3083 sis,
968 3003 1025 3072 vel
1046 3002 1076 3073 si
1097 3001 1135 3075 id
1155 3002 1276 3077 forsan

187 3120 342 3213 ignotum
364 3118 426 3189 tibi
447 3120 619 3192 hactenus
641 3121 721 3205 luit,
743 3130 863 3192 notum
881 3144 961 3195 esse
978 3123 1133 3219 ipcipiat‚
1152 3126 1278 3201 simol·

187 3266 257 3338 que
276 3242 361 3315 illud
373 3253 543 3328 occurrat,
557 3264 627 3314 uon
642 3246 756 3315 solum
769 3246 838 3316 mei
853 3247 1002 3319 studiosi
1016 3247 1096 3320 licet
1109 3247 1275 3336 bominis,

189 3370 297 3441 multa
325 3379 441 3440 tamen
465 3368 658 3439 litterarum
679 3377 716 3439 et
736 3368 866 3459 ingenii
893 3369 1039 3462 penuria
1066 3369 1271 3461 laborantis,

190 3493 254 3565 sed
284 3513 348 3562 nec
378 3490 481 3563 ullius
509 3488 710 3574 cuiuslibet,
739 3491 832 3563 docti
857 3491 925 3561 viri
952 3493 1105 3562 studium
1133 3492 1188 3565 sic
1211 3512 1277 3589 par

191 3613 310 3698 rebus,
332 3616 415 3708 quin
437 3613 584 3684 multum
611 3633 751 3706 semper
783 3611 960 3715 humanis·
975 3615 1068 3686 desit
1101 3614 1278 3689 inventio·

190 3734 308 3819 nibus,
343 3735 586 3830 perlectionem
621 3735 685 3806 sibi
721 3745 925 3806 reservante
955 3735 1027 3819 illo,
1062 3757 1081 3807 a
1114 3757 1188 3828 quo
1218 3750 1279 3810 cst

189 3857 364 3926 modicum
397 3858 463 3931 boc
499 3856 592 3951 quod
626 3856 756 3928 scimus
783 3869 845 3929 eut
871 3879 1070 3950 possumus.
1092 3858 1277 3932 Postremo

188 3986 224 4046 et
245 3999 380 4049 mecum
403 3982 478 4076 ipse
498 3979 678 4073 Virgilium
696 3999 777 4051 ores
793 3979 853 4051 det
869 3980 1022 4063 veniam,
1044 4002 1109 4051 nec
1125 3982 1276 4055 moleste

190 4101 276 4172 leret
289 4100 327 4183 si,
343 4122 424 4172 cum
439 4103 513 4195 ipse
521 4104 677 4186 Homero,
687 4102 809 4186 Ennio,
822 4103 981 4175 Lucretio
994 4106 1181 4197 multisque
1194 4106 1276 4178 aliis
