2670 4688
279 309 371 359 uosn
393 306 707 358 vrcssruusrsarros.
721 308 922 358 -arrsrouu
946 310 998 358 ιιι,
1119 293 1175 355 221

100 445 271 537 tranquilli
290 456 326 516 et
345 444 469 537 placidi
493 455 529 515 ct
553 442 716 534 intrepidi
742 444 943 529 veniamus,
970 446 1087 537 utqui
1115 463 1179 515 uos

99 591 178 641 sero
194 569 329 651 viderit,
349 570 411 639 vix
425 571 500 640 iltos
516 578 610 659 putet
623 568 683 660 qui
700 566 768 637 sub
781 567 927 638 meridie
939 567 1179 639 currebamus.

99 692 238 784 Siquid
259 690 474 762 nuncetiam
501 688 569 760 sub
594 701 792 761 extremum
820 689 897 760 duri
923 702 991 773 est,
1017 689 1096 760 dico
1116 690 1180 758 ite-

99 835 189 895 rum,
210 811 445 882 difficultatem
469 809 621 880 brevitas
646 811 857 880 consoletur.
885 810 967 880 Haec
994 817 1027 879 te
1051 809 1097 879 ita
1119 831 1181 902 per

100 934 266 1026 teipsum
289 935 402 1004 iacere
423 931 577 1023 gaudeo,
601 943 639 1002 ut
663 932 726 1001 vix
747 931 862 1002 laetius
883 931 999 1003 animo
1020 951 1098 1001 meo
1119 932 1179 1015 sit,

99 1056 129 1126 si
149 1056 233 1148 quid
248 1075 316 1145 ego
332 1054 467 1124 fortiter
486 1053 620 1145 egerim
640 1076 744 1146 quam
764 1063 818 1124 tu:
838 1064 873 1124 et
894 1052 978 1123 iltud
995 1053 1039 1122 ad
1060 1074 1182 1122 cumu-

102 1180 173 1247 lum
196 1177 313 1267 gaudii
334 1176 402 1272 mei
429 1185 493 1258 est,
509 1173 603 1268 quod
617 1175 683 1248 bac
696 1175 729 1249 in
744 1197 782 1247 re
795 1175 912 1247 utilem
933 1173 994 1244 tibi
1008 1172 1181 1266 profiteris

99 1299 279 1392 epistolam
302 1320 417 1380 unam,
439 1319 545 1390 quam
566 1307 647 1369 ante
664 1309 714 1368 tot
729 1318 841 1369 annos
860 1296 1023 1388 religioso
1040 1295 1085 1365 itti
1104 1299 1182 1368 seui

101 1421 324 1516 scripseram,
342 1421 403 1513 qui
418 1441 578 1512 pressum
603 1440 642 1490 se
660 1419 829 1511 podagra,
853 1428 1064 1512 paupertate,
1085 1418 1182 1490 senio

99 1556 134 1615 et
147 1542 378 1637 superomnia
391 1541 457 1613 mei
471 1563 622 1633 quoque,
635 1540 696 1633 qui
711 1544 813 1632 longe
826 1539 978 1625 aberam,
992 1540 1178 1623 desiderio,

98 1665 133 1735 iu
146 1665 270 1736 litteris
287 1675 435 1757 questus
451 1675 542 1744 erat;
559 1683 707 1755 quorum
721 1675 772 1745 tu,
791 1663 930 1734 duobus
950 1672 1093 1747 tautum,
1109 1662 1183 1755 pri-

99 1808 157 1857 mo
174 1787 343 1879 premeris
361 1795 466 1878 atque
485 1785 618 1867 ultimo,
633 1786 728 1878 quod
744 1807 811 1876 ego
830 1787 933 1877 plane
948 1785 1008 1856 tibi
1026 1787 1181 1857 auferam

100 1930 183 1980 mox
205 1920 243 1978 ιιι
260 1907 338 1977 beiti
356 1910 474 1997 fragor
487 1905 576 1978 bona
590 1904 659 1978 fide
675 1907 857 2001 quieverit.
880 1908 1031 1979 Primum
1051 1908 1181 1979 utinam

100 2030 152 2103 sic
171 2033 309 2101 auterre
329 2050 484 2122 possem:
507 2030 577 2121 pati
602 2029 694 2099 enim
724 2041 756 2101 te
782 2030 913 2101 diutius
934 2053 1002 2102 uon
1023 2040 1180 2120 paterer:

100 2153 185 2224 satis
207 2175 286 2223 nam
309 2160 378 2223 tuae
403 2151 541 2222 virtutis
568 2152 846 2244 experimentum
875 2152 994 2224 babes.
1017 2151 1062 2221 Et
1086 2152 1180 2232 ticet,

101 2283 139 2345 ut
159 2273 327 2368 incipiens
353 2274 524 2356 dicebam,
552 2274 702 2368 optanda
728 2273 905 2366 patientia,
934 2285 1062 2356 tamen,
1087 2271 1183 2366 quod

100 2393 303 2486 rigidissimi
316 2397 445 2487 quique
458 2396 744 2486 pbilosophorum
759 2395 967 2479 fatebuntur,
978 2418 1046 2466 nou
1061 2407 1183 2491 optan-

99 2517 167 2587 dus
184 2515 248 2586 sed
268 2528 324 2586 est
344 2517 509 2587 serendus
525 2517 635 2586 dolor.
658 2517 696 2585 ln
717 2516 784 2585 boc
803 2536 889 2586 vero
916 2526 949 2586 te
970 2518 1085 2600 laudo,
1113 2518 1183 2589 buc

100 2646 295 2709 currentem
320 2659 444 2729 urgeo,
464 2637 604 2730 quando
621 2636 716 2706 aliud
733 2658 803 2707 non
820 2658 979 2730 possum,
998 2648 1034 2708 ot
1053 2637 1183 2728 episto-

46 2806 49 2811 ·
99 2763 166 2833 lam
191 2761 252 2833 tibi
279 2762 371 2832 iiiam
397 2760 569 2854 profuisse
594 2760 742 2850 glorior:
768 2779 849 2852 quae
874 2782 919 2829 an
940 2757 986 2829 itti
1004 2760 1181 2851 profuerit,

98 2885 144 2957 ad
164 2908 268 2978 quem
292 2885 420 2977 scripta
441 2895 505 2965 est,
528 2885 603 2975 ipse
624 2893 706 2954 tunc
731 2884 892 2954 senserit.
916 2882 992 2976 Ego
1008 2884 1099 2955 enim
1122 2905 1183 2975 po-

101 3019 175 3078 stea
200 3007 267 3077 nisi
294 3011 400 3079 semet
424 3008 597 3078 hominem
623 3027 692 3077 nou
718 3007 806 3089 vidi,
834 3006 940 3099 idque
965 3007 1183 3102 perbreviter

98 3127 310 3199 Praenestina
332 3130 399 3200 sub
418 3151 515 3215 arce,
537 3139 573 3201 et
593 3129 676 3198 mihi
696 3129 798 3199 solito
815 3129 927 3200 taetior
943 3139 1048 3220 atque
1063 3149 1183 3219 aequa-

100 3246 224 3316 nimior
235 3251 336 3321 visus
351 3263 427 3322 erat
439 3274 518 3322 cum
535 3249 763 3322 incommodis
777 3250 851 3321 suis
870 3248 1032 3320 omnibus
1050 3261 1085 3320 et
1102 3271 1182 3319 cum

100 3380 277 3439 senectute
296 3371 428 3441 luctari.
450 3372 533 3441 Mihi
550 3381 667 3443 autem
688 3374 738 3443 sic
754 3373 886 3462 gratias
903 3372 984 3462 egit,
1001 3380 1039 3440 ut
1051 3369 1183 3442 diceret

99 3511 213 3560 meum
235 3511 316 3561 esse
342 3492 434 3582 quod
462 3492 537 3564 sine
557 3494 718 3565 lamentis
740 3495 776 3564 in
795 3516 882 3589 pace
908 3503 1118 3575 senesceret,
1147 3504 1181 3565 et

101 3611 287 3682 terribilem
322 3613 416 3682 ittum
450 3613 541 3684 diem
575 3616 753 3688 interritus
787 3627 1003 3710 expectaret:
1039 3638 1103 3686 nec
1135 3615 1182 3688 ita

101 3736 209 3805 multo
233 3747 312 3827 post
337 3732 430 3805 obiit.
457 3736 675 3829 Quamquam
702 3738 788 3810 iliud
812 3761 952 3831 quoque
982 3737 1181 3828 vulgatissi-

101 3876 194 3925 mum
216 3857 261 3926 sit
285 3867 322 3927 ut
347 3857 403 3928 alii
430 3867 548 3946 paratu
575 3858 707 3950 prosint
732 3861 819 3930 otiis.
847 3860 980 3943 Quaerit
1005 3880 1088 3953 opes
1110 3857 1181 3930 uto

99 3984 212 4068 pater:
234 3977 376 4060 alicnus,
392 3990 427 4048 et
446 3978 542 4070 quod
561 3978 694 4060 durius,
718 3979 829 4049 bostis
851 3990 948 4072 parto
960 3981 1095 4052 fruitur.
1109 3980 1181 4050 Nec

101 4095 135 4164 in
156 4097 198 4166 iis
219 4102 329 4193 solum
351 4121 431 4192 quac
450 4101 598 4173 fortunae
618 4101 791 4187 serviunt,
815 4104 878 4174 sod
899 4103 1081 4197 inquibus
1104 4104 1179 4173 uul-
