2670 4688
120 270 179 328 lna
453 279 493 325 ur:
516 279 615 326 auaris
638 276 859 326 raurcranmus

121 423 230 494 tlredc
249 424 341 492 anun
366 423 463 503 milri,
492 424 626 503 Cicero,
649 424 679 490 si
699 442 770 513 quo
795 423 829 490 in
856 431 950 491 statu
984 443 1044 491 res
1076 436 1210 495 nostra

122 557 202 614 sunt
232 543 402 627 audieris,
430 545 597 616 excident
623 542 681 615 tibi
715 543 880 623 lacrimae,
898 541 1118 634 ‚quamlibet
1155 550 1209 616 vel

121 667 200 737 coeli
233 668 288 735 vel
317 665 412 736 erebi
440 675 572 760 partem
603 675 734 735 leneas.
764 665 946 734 AEternum
982 666 1079 736 vale.
1111 667 1209 760 Apud

123 808 293 880 superna,
315 787 359 859 ad
380 788 557 858 sinistram
594 786 751 857 Rhodani
789 784 897 877 ripam
920 784 955 855 in
978 787 1210 882 Transalpina

124 910 232 1007 Gallia
252 910 375 983 eodem
398 930 500 991 anno,
524 909 612 978 xlv.
636 907 810 978 Kalendas
833 906 993 977 Ianuarii.

630 1148 705 1158 ’ψι-

540 1364 716 1429 El’ls'lt'tll
739 1366 770 1427 v.

253 1536 446 1585 rnmcrscus
468 1534 636 1584 rnrnnncn
658 1532 775 1582 annuo
797 1531 928 1580 suasca·
950 1534 977 1581 s.
1001 1530 1032 1623 'f‘
1055 1534 1088 1584 u.

143 1685 249 1740 Laudat
268 1688 328 1742 cius
343 1689 378 1742 de
393 1688 518 1743 moribus
530 1687 698 1742 docuinam:
716 1685 843 1755 obiurgat
858 1683 932 1755 quod
948 1683 979 1738 in
994 1684 1064 1740 aula
1079 1686 1195 1742 Neronis

191 1775 309 1845 Augusti
324 1777 491 1845 constiterit,
509 1778 624 1847 eiusque
639 1773 852 1830 familiaritatem
867 1772 895 1826 lo
911 1773 1004 1842 prelio
1018 1773 1163 1831 habuerit.

225 2017 369 2087 Petitam
389 2040 408 2087 a
427 2026 523 2087 tanto
535 2015 612 2084 viro
626 2014 910 2105 impetratamque
929 2010 1074 2087 veniam
1092 2014 1207 2093 velim,

129 2138 156 2206 si
177 2138 263 2227 quid
283 2138 444 2229 asperius
464 2137 588 2207 dixero
608 2155 713 2227 quam
736 2145 797 2204 aut
816 2132 1048 2226 professionis
1069 2145 1144 2207 tuae
1160 2157 1209 2207 rc·

128 2258 318 2326 verentiam
337 2257 469 2340 deceat,
488 2269 548 2326 aul
566 2256 676 2349 quieti
694 2258 739 2325 sit
758 2254 913 2327 debitum
932 2257 1126 2349 sepulchri.
1149 2258 1208 2341 Qui

127 2377 220 2447 enim
242 2399 298 2449 me
324 2379 440 2450 Marco
461 2378 634 2463 Ciceroni,
656 2398 760 2470 quem
788 2379 904 2448 lalinae
920 2378 1137 2470 eloquentiae
1162 2381 1211 2450 lu·
1249 2458 1253 2467 ,

128 2521 208 2570 men
233 2521 274 2573 ac
303 2504 442 2587 iontem,
466 2512 555 2576 teste
576 2511 624 2582 te,
645 2500 811 2583 dixerim,
841 2521 907 2570 non
934 2502 1141 2592 pepercisse
1166 2505 1211 2575 le

127 2621 230 2710 gerit,
254 2624 283 2696 si
311 2635 344 2697 te
362 2638 398 2698 et
419 2626 562 2719 reliquis
583 2624 702 2696 itidem
719 2644 804 2694 vera
826 2625 972 2714 loquens
993 2643 1065 2693 non
1085 2646 1210 2719 peper-

126 2764 220 2828 cero,
240 2747 485 2838 indignationis
512 2749 615 2819 iustae
636 2746 813 2817 materiam
841 2763 910 2814 non
937 2739 1092 2814 habebit.
1111 2745 1210 2817 Iuvat

127 2864 306 2937 vobiscum
331 2868 495 2960 colloqui,
518 2868 589 2938 Viri
612 2868 780 2950 illustreS,
807 2866 1100 2957 qualiumomnis
1123 2878 1209 2941 aetas

127 2986 307 3078 penuriam
333 3007 439 3079 passa
462 2998 528 3071 est,
557 2999 676 3057 nostra
702 3009 786 3058 vero
814 2987 1045 3079 ignorantiam
1071 3000 1110 3060 et
1133 2992 1211 3063 eii·

128 3111 234 3181 mium
252 3111 382 3204 patitur
401 3110 586 3181 delectum.
605 3109 707 3181 Certe
723 3131 790 3202 ego
806 3111 962 3203 quotidie
980 3131 1046 3183 vos
1061 3111 1211 3207 loqueu-

129 3246 182 3306 tes
199 3235 364 3306 attentius
385 3252 489 3324 quam
510 3231 603 3303 credi
622 3233 733 3325 possit
753 3234 873 3316 audio,
895 3237 982 3305 lorte
1003 3255 1071 3306 non
1093 3236 1210 3329 inepte

128 3366 165 3423 ut
191 3356 265 3446 ipse
290 3354 432 3425 avobis
459 3357 563 3425 semel
590 3355 712 3426 audiar
737 3357 942 3448 optaverim.
965 3357 1059 3426 Inter
1082 3377 1211 3429 omnes

119 3466 281 3567 quidem,
300 3476 358 3567 qui
382 3479 474 3548 clara
495 3477 633 3547 nomina
657 3477 851 3548 habuerunt
876 3488 972 3549 tuum
995 3499 1122 3550 nomeu
1148 3480 1212 3552 ad-

126 3594 377 3666 numerandum
400 3617 482 3668 esse
507 3618 576 3668 non
610 3619 686 3667 sum
709 3597 862 3681 nescius,
886 3599 989 3691 idque
1011 3599 1040 3668 si
1066 3599 1211 3673 aliunde

128 3716 315 3799 nescirem,
336 3740 462 3811 magno
474 3719 626 3810 quodam
641 3731 676 3789 el
688 3729 833 3792 externo
848 3731 936 3791 teste
951 3719 1112 3811 cognovi.
1130 3721 1214 3794 Plu·

128 3838 267 3911 tarchus
282 3841 455 3934 siquidem
473 3842 616 3914 Graecus
630 3841 733 3913 homo
747 3853 782 3914 et
799 3843 933 3914 Traiani
951 3842 1117 3937 principis
1137 3867 1214 3918 ma-

126 3962 243 4048 gislon
259 3982 341 4033 suos
355 3965 468 4035 claros
484 3965 577 4036 uiros
592 3963 722 4034 nostris
736 3968 918 4036 conferens
934 3987 1012 4035 cum
1027 3966 1164 4038 Platoni
1177 3980 1215 4039 et

127 4079 300 4156 drisloleli
325 4084 486 4177 {quorum
507 4085 655 4176 primunt
674 4082 841 4167 diuinum,
863 4085 1053 4157 secundnm
1074 4087 1214 4163 daemo·
