2670 4688
589 269 750 319 i'llllblll'll

535 576 711 641 srlsroti
733 576 801 640 le.

185 723 379 774 rnnucrsccs
401 722 569 772 cerninus
590 720 839 770 usnruououeo
861 724 909 771 ne
935 726 1032 777 rece
1057 730 1088 779 S.
1113 733 1142 782 e.
1165 733 1193 781 u.

142 865 226 920 Addit
241 828 349 920 animos
365 850 398 917 ad
418 861 613 928 scribendum,
629 865 657 914 et
672 866 810 931 praecepta
823 862 928 918 tradit.
946 865 1086 923 Mortem
1101 871 1220 942 plurium

427 950 579 1004 amicorum
594 964 710 1003 suorum
724 949 905 1004 lamentatur.

222 1152 321 1221 Sensi
345 1149 427 1219 olim
454 1147 603 1217 nobilem
632 1159 727 1217 tuum
754 1149 907 1238 pectoris
938 1152 1137 1246 impetum
1159 1181 1233 1229 cum

123 1269 335 1343 verecundie
356 1268 516 1367 nobiliori
537 1269 675 1350 luctari,
709 1278 810 1359 teque
831 1268 917 1338 rnibi
940 1275 1147 1351 scribendi
1166 1283 1234 1353 eri·

123 1391 207 1464 dum
230 1392 282 1462 sic
304 1392 450 1472 haerere,
472 1389 575 1482 qussi
599 1389 739 1483 penitus
765 1411 820 1461 me
840 1412 910 1460 uon
934 1416 1101 1483 nosses,
1129 1412 1233 1496 utque

124 1513 275 1585 Caesaris
298 1513 405 1584 verbo
423 1522 507 1595 utar,
530 1513 630 1604 quasi
645 1515 769 1606 stipem
785 1513 995 1606 porrigeres
1012 1522 1230 1614 elephanto.

122 1635 161 1707 ln
174 1655 217 1706 eo
236 1635 425 1706 certamine
446 1633 510 1703 leci
531 1632 757 1724 quodsoleo,
784 1645 917 1726 partem
941 1637 1232 1717 imbecilliorem

122 1756 195 1827 iuvi
221 1756 381 1831 hortatus
403 1764 439 1825 ut
460 1752 644 1825 scriberes.
666 1755 816 1825 Par-uisti
837 1755 994 1842 taudem,
1020 1783 1118 1837 sero
1142 1769 1232 1839 licet.

122 1877 408 1970 itaquetemetsi,
421 1875 515 1968 quod
528 1876 649 1960 nolim,
669 1886 765 1948 tuum
787 1897 912 1951 nomeu
930 1876 1031 1953 iuter
1054 1907 1169 1961 meas
1184 1892 1233 1963 lu·

122 2000 276 2071 miliares
305 1999 469 2092 epistolas
490 2008 662 2089 nusquam
681 1998 850 2069 hactenus
872 1999 1003 2071 lectum
1028 2004 1096 2089 sit,
1124 2011 1161 2080 si
1184 2024 1234 2082 ta·

122 2140 203 2191 meu
222 2121 293 2191 vite
320 2122 456 2210 longior
474 2118 593 2203 luerit,
622 2120 712 2191 inter
732 2122 876 2202 seniles,
903 2122 955 2193 sic
975 2146 1123 2223 nempe
1147 2156 1233 2227 quae

123 2247 256 2311 restent
276 2257 380 2321 voco,
402 2241 490 2308 forte
504 2238 634 2332 saepius
647 2240 792 2331 legetur.
814 2241 903 2312 Vicit
922 2262 1007 2313 ecee
1028 2269 1145 2323 emor
1170 2277 1232 2327 ve.

123 2357 343 2443 recundiem,
364 2370 400 2432 et
421 2361 479 2431 illa
498 2359 567 2431 iam
590 2361 759 2435 studiosis
771 2364 894 2435 animis
907 2362 1058 2455 indigna
1081 2375 1231 2462 glacies

121 2484 231 2557 sraela
250 2492 315 2555 est.
329 2484 406 2557 Non
423 2484 551 2555 frustra
564 2506 690 2557 manus
706 2484 751 2557 ed
765 2487 933 2560 calamum
946 2491 1116 2575 reuerit3
1135 2502 1231 2571 scri.

123 2603 187 2675 bes
207 2625 323 2697 spero,
342 2627 467 2699 eoque,
482 2607 517 2677 ui
535 2606 644 2691 fallor,
658 2607 798 2680 avidius
814 2631 884 2702 quo
903 2607 1017 2679 serius
1034 2609 1228 2709 incepisti,

120 2745 312 2817 properans
326 2729 487 2819 longaeve
500 2729 637 2800 silentia
648 2729 783 2803 crebris
800 2731 994 2803 instaurare
1005 2734 1225 2829 colloquiis,

121 2844 222 2929 Quod
236 2847 407 2930 utlacias,
431 2870 520 2922 neve
539 2850 667 2942 aliquis
688 2861 806 2946 torpor
827 2849 894 2922 sub
912 2850 1063 2923 obtentu
1088 2865 1229 2937 mode-

121 2969 198 3041 stiae
215 2970 341 3042 iterum
361 2975 598 3063 congelascet,
621 2971 766 3045 brevem
786 2971 832 3044 de
850 2983 882 3044 te
901 2975 1119 3050 seutentiam
1134 2986 1224 3059 eius

120 3113 143 3163 a
161 3114 232 3183 quo
253 3091 395 3163 minime
416 3095 487 3165 falli
505 3093 605 3167 times
630 3095 766 3191 accipe,
792 3119 856 3170 nec
882 3105 1046 3187 suspecta
1069 3100 1225 3177 videbi·

121 3224 188 3289 tur.
207 3215 316 3285 Multa
329 3213 478 3313 quidem
491 3217 717 3311 requiruntur
730 3218 774 3290 ed
788 3215 1007 3292 scribendum
1030 3216 1139 3295 bene
1159 3229 1223 3301 lu-

120 3337 277 3429 genium,
303 3316 489 3471 ‹fficiplina
513 3362 553 3412 ac
578 3340 700 3411 notitia
725 3342 913 3412 multarum
938 3348 1043 3430 etque
1069 3364 1220 3423 memo

121 3456 280 3531 rabiliurn
293 3418 427 3533 relum.
440 3460 590 3554 impetus
604 3461 903 3554 quodammodo
875 3481 951 3532 sivo
965 3460 1070 3532 ardor
1083 3469 1215 3559 animi,

121 3581 180 3669 qui
199 3579 352 3663 maxime
372 3580 1024 3677 poetantibusuecessariusiudicetur
1046 3583 1102 3655 Ao
1127 3590 1216 3667 baec

121 3709 157 3770 et
181 3703 344 3775 valetudo
377 3703 530 3798 corporis
556 3724 742 3798 prospera,
773 3714 810 3775 et
834 3706 980 3776 fortunae
1006 3706 1136 3781 modus
1166 3738 1213 3789 ac

122 3822 342 3894 mediocritas
363 3825 513 3919 quidem,
541 3847 606 3897 uec
629 3824 776 3910 divitiae,
802 3849 868 3899 nec
889 3839 1089 3920 paupertas,
1115 3835 1210 3908 vitae

122 3945 363 4031 tranquillitas
386 3947 475 4019 bona
497 3971 597 4020 meus
617 3947 864 4041 cogitationum
886 3952 986 4044 plene
1012 3948 1206 4045 nobilium,

123 4061 282 4145 solitudo,
317 4069 424 4137 otium
464 4093 505 4140 ac
537 4071 693 4154 libertas,
726 4080 762 4141 et
781 4092 863 4163 quae
880 4081 962 4145 sunt
979 4071 1034 4141 his
1053 4071 1204 4164 similie;
