2834 5086
168 706 227 766 308
628 722 792 771 abalanti!

169 867 312 940 modicis
331 891 587 963 quemcumque
604 874 652 945 rei
673 874 808 944 exitum
835 872 1000 966 opperiri,
1022 891 1148 963 meque
1172 872 1249 945 Doo

168 1012 209 1060 ac
227 1001 361 1062 naturae
382 992 496 1086 potius
519 995 747 1075 committere,
780 1015 885 1085 quam
918 993 974 1063 bis
1007 992 1247 1083 unguentariis

168 1115 202 1184 in
223 1135 301 1185 meo
321 1117 411 1186 maio
428 1137 504 1186 suac
521 1118 606 1187 artis
624 1117 865 1211 experimenta
882 1113 1112 1206 captantibus.
1128 1112 1246 1207 nique

168 1235 215 1306 iia
236 1240 362 1308 sactum
384 1249 449 1309 cst.
474 1240 543 1310 iliis
566 1241 740 1321 exclusis,
771 1237 924 1311 coeiestis
950 1259 1016 1332 ope
1040 1236 1174 1319 modici,
1201 1257 1246 1310 ac

167 1360 271 1430 unius
295 1361 527 1433 adolescentis
561 1362 620 1454 qui
654 1361 738 1431 mihi
771 1362 882 1433 servit
906 1371 941 1432 et
966 1358 1001 1428 in
1029 1380 1107 1431 mco
1132 1360 1249 1431 ulcere

167 1502 324 1575 meaque,
348 1496 386 1554 ιιι
409 1483 544 1568 dicitur,
571 1484 731 1578 impensa
764 1483 921 1554 medicus
950 1481 1082 1566 evasii,
1113 1483 1251 1553 ioman-

169 1616 282 1675 iorum
303 1625 446 1689 mernor,
464 1627 546 1698 quae
570 1607 652 1677 mihi
677 1629 724 1677 ex
751 1605 913 1676 omnibus
934 1603 1129 1677 salubriora
1149 1614 1248 1677 noia-

168 1747 298 1809 veram,
318 1749 407 1799 usus
426 1751 545 1821 opera,
567 1740 603 1799 ct
623 1729 741 1800 adiuta
761 1749 823 1823 per
842 1725 1085 1799 abstinentiam
1106 1736 1248 1809 natura,

168 1846 380 1918 adsalutem
401 1851 522 1941 ipsam,
547 1850 638 1922 uude
655 1850 792 1941 magnis
813 1846 978 1941 passibus
1000 1846 1249 1943 discssssrum‚

169 1967 378 2058 pedetentim
414 1971 529 2043 redeo.
562 1971 680 2043 Halios
706 1972 756 2043 rei
790 1991 979 2055 summam,
1013 1970 1080 2041 boc
1111 1968 1248 2055 addito,

169 2088 360 2179 quodcum
381 2093 454 2162 viia
473 2094 549 2164 haec
568 2094 725 2164 iaborum
755 2090 985 2185 dolorumque
1011 2094 1057 2164 sii
1080 2094 1249 2185 palestra,

170 2209 205 2277 in
226 2232 296 2301 qua
319 2233 386 2304 ogo
407 2235 503 2306 saepe
523 2213 664 2286 casibus
685 2214 784 2284 miris
803 2214 985 2285 exercitus
1006 2234 1085 2284 sum
1103 2214 1190 2305 (uon
1214 2212 1252 2283 in

170 2352 208 2402 se
229 2331 368 2425 inquam
392 2336 502 2419 miris,
525 2336 641 2407 sedin
668 2359 726 2407 mo
750 2358 822 2429 quo
847 2357 950 2408 nemo
983 2336 1113 2428 quietis
1144 2356 1253 2429 apps-

170 2455 305 2537 tentior‚
328 2478 431 2529 ccmo
458 2459 615 2550 fugacior
639 2470 695 2529 ost
720 2456 877 2529 laborum
900 2457 1045 2547 talium),
1070 2475 1250 2547 nunquam

169 2588 263 2645 certo
283 2576 452 2648 hactenus
471 2601 534 2649 scu
557 2581 606 2649 rei
625 2601 779 2663 causam,
799 2601 862 2650 sou
880 2578 987 2650 animi
1004 2577 1172 2659 doiorum,
1185 2597 1253 2651 ssu

168 2699 334 2789 temporis
367 2699 517 2792 spatium
551 2700 774 2784 consideres
809 2700 921 2771 simile
953 2698 1083 2794 aliquid
1118 2720 1250 2793 passus

167 2841 272 2889 eram.
307 2819 528 2894 indelebiicm
561 2825 739 2894 momoriae
777 2845 865 2893 moae
903 2833 1022 2893 notam
1052 2834 1089 2893 et
1119 2821 1250 2913 sagma

166 2953 370 3037 perpetuum
400 2946 519 3016 Cicero
549 2946 633 3017 mihi
665 2968 764 3017 meus
790 2946 912 3018 affixit.
933 2944 1156 3016 Memineram
1181 2944 1249 3029 sui,

167 3067 230 3140 sed
255 3090 299 3138 nc
325 3092 476 3161 unquam
498 3070 657 3140 oblivisci
687 3069 831 3163 possim,
859 3069 953 3138 intus
979 3081 1014 3137 ot
1038 3077 1140 3137 extra
1165 3088 1251 3139 cou-

167 3192 294 3262 suburn
312 3201 377 3260 cst.
396 3191 440 3258 Ει
457 3189 511 3261 hic
529 3191 651 3261 iberum
671 3187 755 3280 quid
773 3190 828 3258 vis
845 3187 983 3259 dicam?
1000 3186 1099 3258 Nunc
1116 3187 1246 3261 sencio:

167 3333 316 3401 magnus
337 3312 436 3383 dolor
454 3324 508 3383 est
527 3313 659 3382 rivere.
675 3310 806 3387 Caetcra
822 3310 1002 3393 transiens
1025 3307 1069 3379 ad
1092 3304 1127 3379 id
1144 3308 1249 3381 venio

168 3431 262 3523 quod
280 3430 325 3502 ad
342 3454 502 3523 magnam
524 3433 604 3502 mihi
622 3431 767 3521 gloriam
785 3440 820 3500 et
837 3430 1002 3523 gaudium
1016 3430 1132 3501 cessit.
1146 3428 1249 3503 Tales

164 3555 257 3625 cuim
280 3555 355 3623 iilos
374 3564 409 3624 et
431 3563 479 3625 tot
499 3555 595 3624 viros
621 3564 715 3625 certe
741 3553 845 3624 balian
872 3554 1065 3646 principum
1098 3572 1169 3622 non
1197 3551 1250 3623 ui·

167 3675 281 3760 timos,
309 3677 342 3746 in
375 3687 536 3747 cxircmo
570 3688 757 3758 terrarum,
792 3687 910 3759 nocto,
949 3675 1079 3755 hicmc,
1119 3671 1248 3757 imbro.

169 3795 268 3881 berlo,
296 3799 433 3889 magnis
460 3822 576 3870 rerum
610 3797 782 3890 angustiis
814 3804 1025 3878 coarctatos,
1056 3792 1101 3866 ad
1131 3814 1249 3865 mcum

168 3941 294 3992 nornen
333 3906 368 3993 st
404 3922 519 4015 oppidi
562 3921 735 3993 moeuibus
776 3929 944 4012 exceptos
987 3930 1024 3991 ct
1060 3914 1251 3989 honorifico

169 4042 316 4125 habitos
339 4042 501 4137 obsrupni
523 4042 671 4136 primum
694 4044 893 4136 suspicatus
910 4063 1065 4114 errorem
1086 4038 1250 4112 nominis.

167 4163 250 4236 indo
278 4166 337 4235 vix
365 4164 398 4235 in
428 4166 630 4237 memoriam
658 4164 742 4236 redii
770 4165 937 4257 temporis
970 4164 1078 4243 iuius,
1105 4182 1179 4253 quo
1203 4158 1252 4231 ibi

168 4285 371 4358 adolescens
407 4287 458 4357 sui
495 4300 637 4360 secutus
673 4310 753 4358 cum
791 4288 852 4381 qui
891 4284 1127 4358 screnissimae
1163 4288 1253 4354 nutu

169 4406 291 4477 iroutis
312 4410 409 4481 facile
430 4421 524 4480 trans
545 4407 675 4481 Indiam
695 4432 750 4479 mc
768 4408 943 4481 duxisset.
971 4403 1026 4475 ab
1051 4425 1093 4475 ea
1119 4412 1255 4495 ismpa-

169 4538 257 4598 siaic
288 4531 474 4617 tricesima,
500 4530 545 4603 ab
567 4532 656 4604 iilius
683 4543 799 4604 autom
832 4531 896 4601 viri
931 4528 1028 4601 obilu
1058 4536 1094 4597 ut
1120 4522 1255 4599 acerbo
