2670 4688
227 308 285 368 ’111
564 321 605 369 ns
626 320 728 368 nunus
749 317 970 368 annullamus

226 465 363 535 favillas
385 464 508 558 priscae
532 460 626 546 fidei,
649 483 737 555 quas
758 463 900 534 admoto
927 482 1063 555 magnae
1090 462 1170 555 spei
1198 465 1317 536 fomite

227 587 295 658 levi
320 588 398 658 lolle
424 586 648 656 suavissimae
674 587 840 657 orationis
868 584 1089 670 accenderet,
1116 585 1318 658 invenisset

227 712 343 783 multis
364 723 400 781 et
420 709 547 780 validis
569 710 785 798 argumentis
798 729 974 779 excusans
989 706 1193 779 tarditatem
1209 718 1314 791 tuam,

226 833 343 904 multis
370 842 406 902 et
429 829 567 921 magnis
594 828 729 900 indiciis
756 850 947 927 generosas
976 829 1082 899 animi
1114 830 1168 900 tui
1193 852 1312 911 curas,

225 976 380 1047 vereque
402 955 581 1024 Caesareos
607 963 797 1044 apparatus
822 951 959 1046 cupidis
991 966 1028 1024 et
1061 951 1218 1025 libenter
1244 955 1314 1025 leli-

227 1080 340 1150 citatis
372 1099 414 1147 ac
447 1075 568 1168 gloriae
601 1086 673 1145 tuae
706 1075 858 1145 credulis
891 1073 1035 1146 auribus
1065 1075 1311 1158 insusurrans,

224 1200 354 1292 quibus
374 1200 419 1271 de
441 1197 616 1290 praeterito
639 1207 844 1290 conceptum
871 1196 1075 1268 diffidentia
1098 1200 1186 1289 gelu
1212 1217 1313 1270 nova

227 1323 298 1416 spei
320 1324 456 1392 lervore
477 1318 697 1390 dissolveret.
719 1319 782 1389 Eia
804 1319 922 1409 igitur,
944 1319 1081 1405 Caesar,
1108 1319 1205 1391 duce
1228 1323 1308 1400 Deo,

225 1444 285 1534 qui
312 1465 380 1513 non
412 1445 539 1512 trustra
568 1463 671 1512 suum
694 1439 754 1512 tibi
775 1440 950 1511 commisit
975 1441 1180 1534 imperium,
1209 1463 1310 1534 surge

224 1574 259 1634 et
292 1564 435 1634 dilatum
469 1584 597 1634 munus
631 1561 917 1634 honestissimum
946 1562 1028 1633 dum
1060 1574 1181 1658 potes,
1210 1565 1310 1659 imple

225 1686 366 1766 fortiter,
382 1686 485 1776 imple
499 1684 653 1754 feliciter.
669 1684 849 1754 Gloriosus
863 1682 942 1755 linis
956 1687 1087 1756 lentum
1102 1685 1309 1781 principium

225 1804 420 1879 excusabit.
439 1806 569 1876 Omnes
592 1818 624 1876 te
637 1807 706 1877 alto
719 1806 864 1878 consilio
881 1805 1062 1879 distulisse
1079 1810 1307 1892 consentient

226 1930 320 2022 quod
348 1928 501 2002 nondum
533 1926 659 1999 messis
687 1928 853 2020 Hesperia
881 1930 979 2021 plena
1004 1930 1254 2016 maturuisset,
1279 1932 1309 2001 in

207 2040 329 2148 ‘quam
354 2052 483 2123 utiliter
503 2052 575 2120 salx
597 2052 755 2122 cesarea
774 2050 990 2122 mitteretur:
1006 2053 1177 2143 quamvis
1193 2063 1308 2126 nostra

189 2166 191 2168 ’
227 2179 336 2243 fames
363 2192 472 2241 morae
496 2172 609 2241 omnis
642 2171 826 2262 impatiens
860 2184 1105 2243 murmuraret.
1141 2174 1237 2246 Nihil
1262 2176 1309 2245 in-

227 2291 472 2385 tempcstivnm
500 2290 606 2375 bene,
634 2291 718 2360 nihil
747 2289 877 2362 bonum
912 2314 992 2367 sero
1017 2292 1090 2386 agi,
1113 2317 1310 2389 verumque

227 2413 310 2486 illud
330 2412 481 2507 Augusti
502 2412 667 2485 Caesaris:
688 2415 773 2485 satis
793 2417 953 2487 celeriter
974 2414 1050 2486 lieri
1067 2417 1240 2512 quioquid
1255 2417 1310 2489 liat

227 2541 312 2613 satis
331 2537 433 2611 bene.
452 2537 584 2632 Atripe,
601 2538 728 2624 Caesar,
752 2538 842 2610 hanc
862 2539 1080 2610 occasionem
1094 2539 1183 2610 dum
1198 2541 1309 2613 adhuc

226 2677 336 2757 potes.
364 2664 485 2757 Neque
510 2660 603 2732 enim
627 2681 765 2755 semper
784 2661 927 2754 poteris.
942 2658 1026 2753 Age,
1041 2670 1167 2748 orote,
1182 2662 1308 2745 Caesar,

227 2785 379 2854 nondum
400 2784 493 2854 enim
516 2794 614 2853 tuum
636 2802 763 2852 nomen
777 2783 952 2866 invocare,
968 2794 1138 2875 tuumque
1152 2784 1310 2858 tedecus

226 2923 370 2993 poscere
390 2911 495 2993 atque
519 2923 622 2972 orare
653 2900 815 2972 dedidici.
844 2901 919 2973 Etsi
951 2926 1018 2997 ego
1050 2928 1195 2999 quoque
1220 2928 1309 2980 unus

226 3017 490 3112 impatientium,
519 3043 708 3115 parumper
728 3021 842 3094 invisa
876 3026 959 3094 milri
994 3049 1110 3099 rerum
1144 3027 1311 3102 dilatione

227 3141 411 3237 tepuerim,
433 3163 513 3213 ecce
540 3143 663 3214 iterum
691 3146 875 3218 recalesco.
911 3148 987 3219 Noli
1021 3172 1134 3221 meam
1161 3164 1202 3226 et
1224 3156 1310 3226 mul-

228 3278 340 3338 torum
363 3284 461 3356 spem
482 3263 748 3356 pulcherrimam
777 3291 902 3342 rursus
928 3273 1147 3364 extinguere.
1172 3276 1311 3371 Saepius

227 3412 309 3484 spes
328 3411 493 3483 oppressa
517 3389 579 3458 vix
600 3390 777 3462 attollitur.
800 3395 834 3463 Si
856 3418 927 3487 qua
953 3396 1083 3467 nomini
1113 3408 1173 3469 tuo
1199 3399 1311 3473 nuboe

227 3512 395 3584 hactenus
413 3507 583 3594 incubuit;
602 3513 630 3583 si
649 3513 733 3606 quid
754 3515 904 3587 infamiae
921 3540 967 3589 ex
985 3518 1166 3611 primordii
1184 3521 1312 3597 obscu-

227 3634 329 3706 ritate
353 3641 567 3705 contractum
598 3648 664 3719 est,
699 3646 824 3722 totum,
850 3641 1078 3726 credamini,
1106 3666 1178 3716 non
1206 3646 1312 3720 modo

225 3754 533 3827 consummationis
554 3758 736 3848 splendore
758 3762 975 3854 purgabitur,
1000 3765 1076 3849 sed,
1100 3768 1254 3854 uldini,
1278 3772 1312 3841 in

226 3875 369 3961 gloriam
387 3889 622 3963 convertetur,
645 3881 729 3952 dom
752 3905 815 3955 seu
837 3908 935 3957 error
955 3890 1023 3970 ille,
1044 3909 1106 3958 seu
1124 3892 1312 3965 consilium

226 3991 340 4076 luerit,
363 3997 524 4091 opinione
543 3997 721 4072 hominum
744 4003 925 4075 consilium
944 4018 980 4076 et
997 4031 1064 4080 non
1082 4030 1182 4080 error
1200 4013 1312 4085 luisse

227 4109 411 4184 videbitur.
431 4118 533 4210 Saepe
551 4118 719 4193 honestus
742 4120 821 4193 linis
843 4145 951 4214 segne
973 4127 1179 4222 principium
1204 4130 1313 4207 hone-
