2670 4688
589 259 751 308 t'.ttttattt¹tt

524 561 700 626 uersuum
722 561 813 626 xxm.

285 730 480 780 FRANCiSCUS
502 730 672 780 Puteanus
694 733 736 780 tu
756 730 901 783 tuuowtt
923 733 953 783 S.
975 735 1008 784 P.
1032 736 1066 785 tt.

121 891 241 960 Littera,
256 892 349 945 cancri
363 891 393 945 in
407 892 522 946 modum
537 893 708 962 retrograda,
728 909 762 948 eo
779 894 897 950 artifieio
913 896 1084 970 conscripta
1107 902 1151 955 est
1163 904 1220 954 uta

210 977 347 1050 principio
369 977 404 1032 ad
426 978 512 1032 finem
527 979 597 1034 iectu
611 979 708 1034 laudes
727 979 787 1034 eius
802 981 847 1035 cui
865 981 1037 1038 inscribitur
1056 986 1219 1057 complecta·

211 1074 267 1122 tur:
283 1068 380 1122 ordine
394 1084 492 1122 rerum
506 1069 616 1124 inverso
630 1068 710 1123 iilum
725 1068 862 1140 vituperio
884 1076 913 1125 et
938 1071 1026 1128 maiis
1046 1072 1215 1146 imprecatio

212 1158 296 1213 nibus
314 1159 475 1214 insectetur.
487 1158 496 1189 ¹

223 1390 375 1463 Iucunda
401 1391 474 1483 ipsa
501 1393 663 1462 felicitate
690 1392 848 1484 laetisque
880 1391 1009 1465 iisdem
1040 1396 1217 1467 successi·

124 1513 190 1585 bus
211 1524 245 1585 te
265 1511 442 1604 prosperis
465 1513 664 1605 potiturum,
686 1535 865 1606 nunquam
885 1514 1059 1604 quaeiibet
1075 1525 1112 1588 te
1138 1536 1214 1609 pas·

123 1656 243 1706 surum
262 1630 413 1703 adversa
432 1632 576 1726 probate
597 1657 722 1707 revera
744 1632 814 1706 fide
844 1636 1084 1728 stuporibus,
1107 1638 1215 1710 amice

124 1776 191 1826 non
212 1753 291 1826 ficte
311 1754 375 1838 vir,
396 1755 525 1825 intimis
550 1756 731 1828 affectibus
752 1755 865 1848 gestio
885 1778 927 1829 ao
951 1757 1086 1849 iugiter
1107 1761 1213 1832 Deum

121 1899 194 1949 oro.
216 1878 471 1970 Proiongentur
492 1878 569 1949 dies
588 1880 649 1963 tui,
672 1900 736 1949 nec
757 1877 815 1948 tibi
834 1877 880 1949 sit
898 1878 972 1949 vita
994 1878 1137 1952 brevis:
1164 1880 1214 1952 di·

122 1999 218 2071 vitiis
238 2000 377 2086 affluas,
399 2023 514 2093 neque
535 2022 657 2072 careas
670 2000 902 2092 ergoounctis
922 2001 1072 2094 optatis:
1097 2000 1212 2074 debita

122 2122 297 2216 quaepiatn
325 2125 399 2193 haec
420 2132 490 2194 tuae
509 2123 630 2193 virtuti
662 2145 731 2195 non
758 2121 864 2193 vitiis.
876 2121 1020 2197 ,Versus
1045 2124 1095 2196 ad
1122 2144 1211 2196 com-

217 2407 224 2439 ¹
239 2404 357 2458 Veterum
368 2406 412 2471 qui
422 2401 589 2459 hiemares
600 2421 677 2472 opera
689 2408 824 2461 ediderunt
836 2406 912 2458 iidem
934 2414 1062 2472 sequutus
1075 2409 1148 2462 iuter
1160 2411 1214 2463 eius

122 2485 245 2550 epistolas
260 2487 325 2539 hano
336 2489 391 2552 ipse
401 2501 502 2553 quoque
514 2488 643 2550 recensui,
656 2501 707 2539 non
718 2488 774 2538 siue
785 2485 896 2551 quadam
916 2485 995 2535 animi
1014 2487 1135 2539 molestia
1149 2491 1215 2555 cogi-

121 2573 180 2619 tans
190 2567 217 2618 iu
229 2569 276 2620 hoc
289 2568 414 2621 laborioso
423 2575 450 2619 et
466 2568 530 2618 iutiii
541 2568 685 2632 scriptionis
693 2580 787 2630 genere
799 2567 868 2616 circs
876 2565 971 2627 ingenii
984 2567 1026 2616 sni
1039 2569 1213 2621 doctissimu-

122 2650 204 2699 virum
229 2651 383 2702 exercuisse.
394 2650 508 2714 Cumque
524 2657 560 2700 tot
571 2650 639 2700 iliam
656 2649 775 2700 refertam
785 2646 886 2698 mendis
902 2646 1085 2712 erroribusque
1098 2650 1214 2715 reperim·

123 2739 187 2789 aem,
198 2737 227 2779 ut
243 2731 310 2781 nulia
326 2744 401 2794 saepe
411 2731 495 2781 verbis
505 2731 654 2780 inconcinne
666 2729 803 2794 compactis
813 2740 931 2792 germana
942 2727 1094 2791 significatio
1112 2743 1215 2797 respou-

123 2808 211 2868 deret‚
225 2810 273 2860 iam
290 2811 453 2861 adnotatione
472 2810 585 2868 adiecta,
596 2809 718 2859 lectorem
736 2820 880 2858 monueram
897 2806 978 2856 mein
996 2806 1040 2858 iiia
1054 2811 1214 2862 emendanda

122 2894 225 2952 tempus
243 2896 326 2939 terere
339 2889 462 2945 notuisse.
477 2900 585 2951 eamque
597 2895 670 2948 prout
682 2887 707 2935 in
721 2887 804 2938 iucem
816 2886 894 2937 semei
910 2886 1056 2950 iterumque
1071 2891 1214 2953 prodierat,

122 2969 180 3019 heic
192 2971 339 3024 inseruisse.
352 2973 380 3018 ut
392 2968 414 3018 si
428 2969 486 3031 quis
498 2967 562 3017 iorte
574 2980 607 3016 ex
619 2966 762 3017 huiusmodi
775 2966 909 3017 uerborum
921 2965 985 3017 lusis
1000 2966 1162 3031 voluptatem
1176 2984 1215 3022 ca·

123 3056 204 3110 peret,
215 3048 282 3096 iiiam
296 3058 342 3109 pro
358 3044 438 3095 iubitu
450 3044 606 3094 restitueret.
618 3043 706 3094 Serius
723 3054 820 3105 tamen,
835 3051 966 3108 postquam
984 3042 1085 3094 scilieet
1095 3046 1214 3110 epistula·

122 3139 179 3176 rum
191 3127 302 3177 omnium
312 3123 408 3188 spiioqe
419 3122 480 3173 mihi
489 3121 599 3185 periecta
607 3120 697 3178 iuerat,
707 3123 872 3174 animaduerti
882 3123 907 3172 in
920 3122 1032 3173 editione
1050 3122 1213 3177 venetaanut

123 3204 200 3254 ttuttt
214 3210 272 3268 post
290 3209 466 3267 argumentum
478 3200 554 3251 huius
566 3200 658 3250 litterae
669 3200 757 3264 iegi-
767 3200 791 3250 Ρ.
806 3201 928 3253 Eutscort
943 3200 1071 3261 Eouttsn.
1080 3204 1215 3268 -quiitus

122 3295 154 3331 en
169 3283 253 3333 verbis
269 3290 426 3346 compertum
443 3280 518 3332 itabui
538 3280 647 3331 ittteram
668 3281 734 3330 hauc
750 3295 801 3331 non
823 3281 948 3332 Francisci
969 3280 1094 3333 eenarce
1115 3284 1163 3335 sed
1187 3285 1211 3334 P.

123 3361 209 3423 (Petri)
220 3362 336 3425 Episcopi
355 3362 566 3424 (Equitensisseu
588 3358 705 3423 Equitiuit
720 3359 845 3410 ludicrum
863 3373 928 3424 opus
946 3372 1014 3410 esse:
1037 3361 1105 3411 Petri
1116 3363 1215 3415 scilieet

123 3442 156 3490 dc
172 3441 302 3491 Nataiibus
319 3442 372 3505 qui,
386 3448 453 3493 teste
464 3440 587 3504 optento,
605 3440 743 3491 Ecclesiam
756 3441 900 3506 Equitiuam
914 3442 941 3492 in
954 3440 1062 3492 diarchia
1081 3443 1213 3497 Tunnica

124 3519 272 3570 i’atriarcirae
282 3519 389 3571 Gadensi
401 3521 542 3570 subiectam
553 3520 586 3569 ab
597 3533 663 3570 auno
675 3518 845 3570 uccctxtx.
859 3520 891 3571 ad
903 3533 995 3570 aunum
1003 3519 1077 3570 net).
1090 3521 1215 3584 obtinuit,

122 3612 265 3665 nomenque
275 3613 349 3651 suum
365 3614 442 3665 quum
454 3599 522 3650 omni
531 3599 631 3650 virtutis
644 3598 732 3656 laude,
743 3606 794 3649 tum
805 3601 954 3663 praesertim
976 3599 1093 3651 Coeiitum
1110 3603 1214 3655 Sancto-

123 3693 179 3729 rum
197 3680 307 3730 historiis
321 3693 365 3743 per
376 3680 490 3744 singuios
500 3679 560 3729 anui
573 3679 627 3729 dies
640 3679 747 3743 digestis
758 3680 959 3731 commendatum
986 3681 1094 3742 posteris
1111 3683 1214 3748 reliquit

122 3759 230 3821 (tlptett.
246 3760 276 3808 tt.
290 3760 361 3809 sacr.
379 3760 445 3810 Tum.
458 3757 487 3808 X.
496 3773 521 3821 p.
530 3757 583 3817 87).
596 3758 648 3808 Non
662 3759 720 3808 ideo
734 3766 815 3809 tamon
830 3774 861 3809 ex
874 3759 920 3810 itae
932 3759 1079 3810 collectione
1091 3760 1159 3813 iiiam
1169 3778 1215 3814 ex·

123 3837 283 3896 pungendam
295 3835 364 3885 duxi:
373 3840 425 3884 tum
433 3833 490 3897 quia
496 3834 607 3885 auctoris
614 3837 694 3885 nostri
707 3839 808 3887 nomine
816 3838 940 3901 vulgatam
953 3851 1008 3888 eam
1018 3837 1112 3888 frustra
1124 3843 1215 3904 quaeri

122 3913 146 3959 in
160 3914 207 3962 hoc
220 3916 283 3963 libro
299 3928 312 3962 a
330 3915 436 3964 curiosis
447 3914 589 3979 quibusque
602 3916 685 3975 nutui,
700 3923 752 3965 turn
768 3919 826 3980 quia
843 3918 891 3967 iam
904 3917 960 3967 aliis
972 3917 1099 3967 accensita
1113 3932 1214 3986 suoque

123 3997 189 4045 inter
203 3993 288 4043 Varias
296 4007 400 4044 numero
409 3995 529 4046 distincta
541 3996 643 4047 extrudi
660 3997 779 4059 nequibat
791 3999 851 4060 quin
863 3999 967 4048 aliarum
981 3996 1075 4047 iamdiu
1086 4005 1213 4054 statutum

124 4074 236 4127 ordinem
248 4078 422 4136 praeverteret.
439 4074 483 4125 Sat
493 4075 570 4139 igitur
583 4076 659 4131 iuuit
671 4076 703 4127 de
716 4076 764 4126 hoc
780 4076 908 4127 monuisse
919 4076 1047 4126 tectorem.
