2670 4688
266 291 358 339 tluull
380 289 917 346 vlcuslllusouuusus-sutslotu
941 293 979 338 lll.
1101 277 1157 339 267

82 458 164 528 gere
199 458 243 505 nu
279 434 364 527 quid
401 434 482 506 inde
517 436 735 520 fructuosum
774 435 968 529 perciperet
1004 458 1159 530 sequens

82 568 184 641 aetas,
207 557 275 627 uisi
295 554 424 627 laboris
444 555 549 626 etiam
570 556 846 627 vestrilructum
864 558 995 630 crudeli
1013 579 1158 651 prorsus

80 690 114 748 et
139 678 356 751 intoleranda
379 675 663 768 corrupissemus
690 676 832 748 incuria.
871 676 1028 770 Namque
1065 680 1159 771 quod

79 801 114 869 in
135 801 202 871 tuis
225 820 421 891 conqueror
439 808 476 870 et
496 796 530 866 in
547 798 666 868 multis
683 798 838 870 virorum
857 799 1041 871 illustrium
1060 801 1157 874 libris

78 921 223 993 accidit:
258 932 395 992 tuorum
425 942 522 1004 sane,
557 919 639 1012 quia
665 919 709 990 de
735 920 777 990 iis
811 920 895 990 mihi
921 943 1013 992 nunc
1042 943 1159 995 sermo

78 1056 166 1127 erat,
194 1065 342 1137 quorum
366 1042 535 1133 insignior
557 1041 687 1112 iactura
709 1051 778 1124 est,
800 1041 878 1111 lraec
896 1054 975 1113 sunt
994 1043 1154 1113 nomina:

77 1165 308 1258 Reipublicae,
335 1167 395 1235 Rei
421 1165 615 1245 familiaris,
643 1165 705 1232 Rei
743 1163 916 1247 militaris,
956 1162 1000 1234 de
1038 1165 1157 1236 Laude

77 1287 319 1383 philosophiae,
341 1287 384 1359 de
410 1287 671 1369 Consolatione,
694 1286 739 1356 de
764 1285 895 1370 Gloria,
922 1289 1087 1379 quamvis
1113 1288 1155 1360 de

62 1399 142 1481 ¹hoc
167 1409 288 1480 ultimo
314 1409 425 1500 magis
452 1407 536 1477 mihi
562 1427 644 1500 spes
668 1404 791 1492 dubia,
819 1430 924 1501 quarn
957 1409 1155 1502 desperatio

75 1543 168 1603 certa
190 1532 243 1603 sit.
270 1530 359 1615 Quin
381 1541 416 1601 et
437 1529 664 1621 superstitum
686 1528 852 1600 librorum
871 1552 1018 1626 magnas
1036 1544 1154 1624 partes

74 1654 274 1737 amisimus,
295 1654 342 1724 ita
367 1665 416 1737 ut,
452 1654 560 1725 veluti
590 1653 720 1746 ingenti
755 1653 874 1748 praelio
911 1653 1087 1727 oblivione
1119 1667 1155 1727 et

74 1777 215 1868 ignavia
242 1776 433 1869 superatis,
460 1775 569 1847 duces
595 1786 733 1847 nostros
759 1798 827 1847 non
852 1778 1024 1849 extinctos
1050 1780 1154 1851 modo

77 1899 142 1970 sed
161 1911 301 1969 truncos
315 1919 455 1990 quoque
472 1900 526 1968 vel
542 1897 694 1990 perditos
720 1920 865 1969 necesse
879 1900 923 1967 sit
934 1882 1066 1991 lugere.
1081 1903 1154 1974 Hoc

74 2021 167 2092 enim
190 2020 279 2100 etin
307 2018 383 2092 aliis
408 2021 542 2102 multis,
562 2021 626 2094 sed
650 2019 685 2091 in
712 2021 780 2092 tuis
807 2020 960 2091 maxime
984 2021 1150 2102 Oratoris,

73 2155 178 2236 atque
205 2141 509 2227 Academicorum,
543 2154 578 2215 et
606 2145 739 2236 Legum
771 2142 870 2215 libris
901 2142 1063 2236 patimur,
1092 2144 1152 2236 qui

72 2266 120 2361 itp
151 2266 300 2337 truncati
332 2263 521 2357 sedarique
554 2277 757 2349 evaserunt,
794 2274 833 2335 ut
862 2264 1152 2360 proprie-melius

71 2388 175 2458 fuerit
198 2387 355 2477 periisse.
384 2386 568 2476 Reliquum
593 2397 648 2457 est
675 2398 712 2456 ut
737 2386 834 2457 urbis
860 2388 981 2457 Romae
1012 2409 1053 2459 ac
1084 2388 1153 2458 llo-

73 2526 185 2578 manae
216 2505 430 2597 Reipublicae
461 2516 588 2577 statum
621 2505 743 2577 audire
777 2507 882 2590 velis,
915 2528 996 2599 quae
1030 2508 1152 2598 patriae

73 2629 191 2714 iacies,
212 2647 292 2719 quae
313 2626 444 2697 civium
465 2625 669 2707 concordia,
692 2626 738 2697 ad
763 2647 853 2718 quos
871 2648 993 2697 rerum
1014 2650 1151 2700 summa

71 2748 281 2842 pervenenit,
318 2747 446 2841 quibus
473 2745 633 2818 manibus
654 2758 854 2840 quantoque
874 2749 1019 2821 consilio
1043 2751 1151 2821 fraena

72 2885 260 2946 tractentur
292 2871 451 2966 imperii?
476 2872 562 2942 lster
588 2894 632 2943 ue
657 2884 693 2943 et
709 2871 863 2962 Ganges,
891 2870 1025 2957 lberus,
1052 2870 1151 2944 Nilus

70 2994 119 3067 et*
140 2997 265 3067 Tanais
302 2995 428 3068 limites
466 2992 575 3067 nostri
616 2994 714 3066 sint?
746 2993 799 3064 An
841 3015 924 3066 vero
962 2995 1148 3088 quisquam

71 3118 266 3189 surrexerit

230 3251 398 3330 Imperium
415 3253 532 3315 Oceano
548 3251 662 3314 [amam
680 3251 734 3328 qul
756 3249 900 3313 terminet
916 3248 1022 3323 astris,

70 3377 130 3436 aut

388 3513 480 3575 super
497 3504 528 3559 et
544 3497 737 3560 Garamantas
750 3505 780 3560 et
796 3495 882 3561 ludos

229 3591 365 3654 Prolerat
386 3593 570 3673 imperium,
631 3635 632 3639 =

69 3742 107 3801 ut
126 3730 259 3801 amicus
279 3727 336 3797 ille
362 3738 444 3797 tuus
468 3725 678 3798 Mantuanus
704 3727 761 3798 ait.
789 3727 872 3796 Haec
892 3733 928 3794 et
947 3724 1001 3794 lris
1023 3720 1145 3795 similia

68 3852 292 3945 cupidissime
313 3849 516 3922 auditurum
537 3857 569 3921 te
589 3870 765 3939 auguror;
786 3847 821 3918 id
841 3847 932 3917 enim
957 3844 1066 3938 pietas
1090 3855 1144 3915 tua

68 3975 238 4065 suggerit,
261 3986 297 4047 et
316 3994 413 4045 amor
434 3993 519 4064 erga
540 3970 685 4065 patriam
707 3991 822 4061 usque
848 3969 883 4037 in
910 3978 1006 4038 tuam
1031 3965 1146 4061 porni-

67 4094 154 4165 ciem
187 4098 403 4170 notissimus.
437 4096 566 4167 Verum
600 4093 692 4165 enim
725 4102 841 4164 tacere
875 4091 999 4161 melius
1031 4090 1142 4162 luerit.
