2670 4688
406 112 466 189 ll)
500 108 686 191 luteum
719 107 980 190 LECTOREM.

662 396 733 417 --ο-

261 956 475 1039 Memineris
504 956 677 1049 fortusse,
710 957 844 1051 lector,
876 956 1020 1037 dictum
1052 958 1091 1033 in
1117 955 1237 1037 Prole-

105 1114 112 1139 ·
154 1088 325 1191 gomenis
350 1086 444 1192 (Vol.
473 1088 499 1167 l.
524 1112 608 1192 pag.
631 1087 722 1182 XX)
760 1089 913 1171 haesisse
937 1112 999 1166 me
1028 1111 1077 1167 aa
1105 1087 1236 1169 litteris

154 1220 257 1298 hisce
283 1229 390 1298 notas
412 1219 828 1321 animadversionesque
849 1221 1123 1313 subnecterem,
1147 1243 1235 1329 quae

152 1349 979 1443 earumdemdiem,occasionemetmateriem
989 1351 1234 1442 declarantes,

151 1504 201 1559 ex
220 1478 335 1585 ipsius
347 1480 533 1561 Petrarcoe
546 1481 670 1560 verbis
688 1482 907 1587 deprompta
927 1482 1157 1561 validissima
1178 1506 1236 1559 ar-

152 1624 333 1714 gumenta
348 1613 643 1718 suppeditarent,
661 1615 798 1717 quibus
818 1624 856 1693 et
870 1615 991 1695 civilis
1014 1611 1185 1703 historia,
1200 1622 1238 1687 et

152 1741 345 1833 litteraria,
369 1754 407 1819 et
429 1742 803 1846 praeelarissimorum
826 1744 907 1822 eius
925 1742 1048 1823 mtatis
1070 1741 1238 1818 virorum

154 1871 243 1949 vita>
269 1894 403 1970 resque
429 1883 547 1970 gestm
570 1872 864 1951 illustrarentur:
896 1898 935 1950 re
958 1886 1086 1948 tamen
1115 1876 1236 1941 matu-

155 2026 195 2080 re
224 2024 424 2106 perpensa,
454 2024 565 2078 omne
599 2011 771 2079 notarum
804 2014 842 2079 et
869 1994 1238 2078 animadversionum

152 2157 246 2236 opus
280 2130 420 2209 ltalicae
450 2130 689 2233 epistolarum
717 2131 920 2209 traslationi
951 2121 1240 2224 adiungendum

155 2285 373 2341 reservasse.

261 2394 302 2471 ld
320 2393 463 2472 scilicet
478 2416 551 2471 uon
564 2393 634 2470 alia
649 2392 695 2472 de
717 2416 829 2472 eausa
849 2392 940 2469 milri
958 2404 1242 2494 proposueram,

154 2526 223 2605 uisi
241 2528 341 2628 quod
362 2528 420 2604 vel
435 2548 575 2630 paucos
595 2525 691 2603 intra
711 2547 876 2615 menses,
897 2523 955 2600 vel
973 2526 1084 2600 certe
1099 2534 1174 2589 non
1188 2533 1244 2587 se·

153 2657 230 2737 rius
252 2659 397 2737 duobus
416 2658 524 2736 aunis
543 2659 643 2736 hanc
667 2657 906 2760 epistolarum
931 2647 1144 2732 editionem
1165 2664 1245 2744 per-

145 2764 294 2868 lectum
315 2790 358 2865 iri
378 2789 639 2881 autumabam,
663 2813 893 2892 quosquam
915 2779 1053 2864 formis
1074 2785 1248 2878 typogra-

152 2918 272 3024 phicis
285 2919 599 3021 recognoscendis
612 2931 650 2999 et
662 2918 918 3010 emendandis,
931 2926 1019 2993 tum
1036 2905 1177 2984 italicae
1194 2904 1250 2981 in·

151 3047 402 3152 terpretutioni
417 3072 531 3150 quam
545 3049 656 3128 simul
667 3073 740 3128 una
756 3046 995 3155 vulgandam
1012 3032 1252 3139 typographo

138 3158 289 3257 ¹iamdiu
306 3177 542 3272 tradideram,
557 3180 829 3286 perpoliendae,
842 3179 907 3256 vix
921 3173 1159 3253 sullecturos
1171 3165 1254 3243 exi-

149 3309 311 3389 stimavi.
326 3308 451 3401 Quum
466 3334 555 3389 vero
569 3311 669 3391 aliud
683 3307 902 3416 expectanti
921 3299 1023 3381 milri
1040 3303 1175 3375 contra
1189 3318 1257 3373 vo

152 3450 230 3518 tum
248 3441 430 3539 evenerit,
451 3443 666 3547 etquioque
684 3467 780 3549 pene
797 3456 998 3523 annorum
1018 3423 1188 3532 spatium
1207 3454 1258 3505 ev

149 3592 224 3671 ‘1⁰0
241 3594 335 3676 Opus
360 3571 504 3675 vulgari
529 3571 719 3678 inceptum
743 3583 801 3652 ost
822 3574 1028 3649 haetenus
1050 3554 1262 3735 epllurerir.

274 3710 312 3751 lll.
995 3738 1008 3751 ἱ
1090 3702 1105 3727 ·,
