2670 4688
187 281 244 340 Ἰιῖδ
647 296 809 344 mmmuu

186 436 312 528 inclyte
327 434 503 527 princeps:
522 437 629 507 Deum
644 448 678 507 et
691 438 954 511 conscientiam
973 465 1104 515 meam
1121 451 1245 518 testor!
1259 461 1284 517 et

186 557 312 627 adme
340 558 541 649 quamvisa
566 559 667 648 longo
689 559 842 651 positum
873 584 966 653 pars
999 570 1175 659 pervenit
1203 571 1287 640 lacri-

187 704 331 752 marum.
356 681 442 750 Nam
466 692 592 773 praeter
609 703 827 752 communem
851 692 888 753 et
908 684 1114 777 publicum
1133 692 1282 770 dolorem,

187 803 247 894 qui
267 803 312 874 ad
335 815 438 873 tantae
457 804 567 873 rniuae
588 804 737 873 sonitum
754 803 848 875 haud
866 806 987 878 dubie
1007 813 1199 898 omnium,
1216 815 1281 884 etin

185 925 305 1016 primis
321 947 441 1015 regum
460 946 501 994 ao
515 934 712 1014 magnatum
730 925 837 996 corda
859 932 1042 1013 tenuerit,
1065 937 1279 1026 cogitantium
1322 996 1325 1017 ,

186 1048 269 1116 nihil
290 1047 323 1114 in
346 1066 448 1115 sunm
469 1058 573 1137 caput
599 1068 666 1115 uon
687 1068 853 1116 ausuram
874 1068 1025 1122 saevam
1047 1055 1153 1127 illam
1174 1081 1279 1128 memo
1322 1068 1326 1137 ξ

186 1167 401 1259 rabilemqne
423 1170 627 1250 Fortunam,
650 1189 730 1260 quae
751 1168 863 1239 verita
886 1193 962 1242 non
984 1174 1038 1244 sit
1058 1200 1177 1251 manu
1194 1181 1279 1250 sacri·
1322 1158 1326 1205 ³

185 1292 263 1380 lega
285 1310 421 1361 sacrum
438 1289 592 1360 Franciae
605 1288 766 1382 diadema
780 1289 1014 1382 contingere,
1040 1312 1107 1371 est
1131 1301 1214 1370 mihi
1227 1300 1280 1392 pri·

185 1414 257 1482 vati
281 1411 434 1504 gemitus
467 1433 506 1482 ac
537 1409 668 1483 doloris
702 1433 808 1483 causa
839 1412 1064 1490 iustissima.
1092 1423 1277 1495 Noloenin

186 1547 304 1606 vestra
322 1536 487 1606 maiestas
509 1533 685 1604 existimet
703 1556 757 1605 me
779 1533 871 1604 illius
895 1536 1027 1610 forsan
1059 1543 1278 1617 humanitatis

184 1655 422 1730 immemorem
443 1679 548 1748 qnam
570 1657 604 1724 in
625 1678 680 1724 mo
697 1653 778 1725 olim
801 1655 1077 1734 invictissimus
1111 1689 1208 1740 avus
1234 1689 1279 1736 rc

190 1787 261 1849 ster
279 1778 454 1861 exhibuit,
469 1799 572 1870 quam
592 1778 681 1849 idem
701 1789 822 1849 voster
839 1780 983 1869 genitor
1015 1791 1155 1861 multis
1177 1805 1212 1864 et
1234 1813 1278 1860 m-

187 1901 248 1972 riis
270 1900 527 1973 benevolentiae
561 1899 668 1991 regiae
702 1893 801 1972 arixit
831 1900 989 1974 indiciis:
1029 1932 1153 2001 quam
1177 1927 1277 1986 vestra

183 2037 324 2109 quoquc
341 2016 408 2085 iam
433 2026 514 2086 tuno
535 2015 745 2086 venerabilis
764 2015 910 2111 pueritia
931 2029 968 2088 et
990 2030 1186 2113 praeclara
1200 2031 1279 2102 indo

184 2140 234 2207 les
252 2141 364 2208 fronte
386 2139 565 2208 laetissima
585 2146 619 2207 ct
637 2139 859 2210 suavissimis
879 2144 1088 2218 cumulavit
1111 2153 1278 2224 affatibus.

182 2259 264 2327 Haec
285 2258 422 2346 singula
451 2257 612 2348 equidem
636 2257 686 2329 sio
703 2260 738 2329 in
763 2260 880 2330 animo
902 2260 1034 2333 sedent
1067 2263 1190 2363 atque'
1212 2272 1276 2343 imis

180 2381 320 2476 penitus
342 2392 422 2450 sunt
443 2380 549 2452 affixa
568 2382 790 2474 praecordiiS,
814 2390 987 2453 uteorum
1009 2385 1185 2465 lucidam
1201 2396 1279 2467 radi-

182 2514 365 2593 natamque
392 2505 594 2574 memoriam
626 2507 719 2575 nulla
738 2528 890 2598 unquam
918 2507 1026 2577 ultius
1052 2512 1279 2605 ingratitudi-

182 2622 236 2693 nis
257 2622 368 2694 nubes
384 2633 478 2715 tegat
496 2628 551 2694 vel
566 2626 890 2697 convellatoblivio.
909 2627 1001 2709 Quin
1016 2630 1097 2705 imo
1110 2661 1201 2713 cunr
1216 2642 1280 2715 avi.

182 2890 237 2939 me
255 2871 412 2940 certatim
430 2893 562 2956 omnes,
585 2871 760 2943 hominem
784 2872 845 2942 vix
867 2871 1006 2942 nomine
1021 2877 1137 2952 vobis
1162 2887 1276 2979 cogni-

183 3000 272 3078 tum,
292 2992 513 3075 honestastis,
534 2996 641 3065 multa
661 3007 696 3066 et
720 3017 848 3084 magna
876 3002 956 3064 tunc
986 3001 1123 3073 merito
1146 3007 1277 3079 iudica-

182 3138 271 3187 rem:
289 3116 416 3187 deinde
434 3125 528 3187 certe
550 3128 718 3188 renovata
739 3128 844 3209 atquc
863 3128 963 3188 ancta
982 3132 1066 3189 sunt
1098 3135 1273 3223 tompore,

181 3257 328 3329 meoque
351 3249 481 3309 tantum
507 3262 650 3311 crevere
683 3239 824 3323 iudicio,
855 3248 892 3309 nt
925 3259 1004 3332 quae
1032 3250 1123 3317 tunc
1145 3272 1275 3344 magna

182 3360 259 3430 visa
280 3371 371 3444 sunt,
398 3383 489 3432 nunc
518 3362 671 3432 maxima
698 3361 897 3445 videantur,
931 3371 966 3431 et
991 3384 1149 3453 prorsus
1171 3395 1275 3444 omne

180 3482 340 3552 meritum
358 3505 472 3554 meum
497 3484 645 3555 vincant.
673 3484 760 3566 Quae
777 3485 927 3575 quodam
951 3494 1108 3575 tempore
1134 3514 1273 3566 mecum

179 3613 344 3696 reputans
378 3628 548 3676 unacum
571 3605 713 3699 reliquis
736 3603 897 3677 fidelibus
919 3615 954 3677 et
974 3606 1096 3679 amicis
1128 3619 1273 3700 vestris,

179 3748 307 3818 queror
336 3740 371 3798 et
393 3729 495 3819 lugeo
517 3730 602 3800 tanti
631 3728 762 3800 domini
784 3731 851 3800 mei
872 3751 1003 3800 casum.
1022 3728 1274 3809 Veruntamen

179 3849 336 3940 cogitans
356 3860 483 3921 statum
504 3863 662 3922 vestrum
681 3864 716 3922 et
733 3850 943 3922 iuvenilibus
974 3849 1134 3921 humeris
1165 3860 1273 3949 regni

178 3971 315 4065 pondus
343 3956 559 4064 impositum,
594 3984 771 4066 postremo
801 3983 925 4045 cuncta
955 3972 1270 4063 circumspiciens,

177 4098 342 4186 quoniam
359 4096 470 4167 dolori
484 4117 561 4168 meo
581 4117 677 4187 aegre
698 4097 844 4189 impero,
871 4103 1025 4167 vestrum
1046 4095 1154 4183 cupio
1179 4109 1274 4173 tem-
