<?xml version="1.0" encoding="UTF-8"?>
<!DOCTYPE html PUBLIC "-//W3C//DTD XHTML 1.0 Transitional//EN"
    "http://www.w3.org/TR/xhtml1/DTD/xhtml1-transitional.dtd">
<html xmlns="http://www.w3.org/1999/xhtml" xml:lang="en" lang="en">
 <head>
  <title>
</title>
<meta http-equiv="Content-Type" content="text/html;charset=utf-8" />
  <meta name='ocr-system' content='tesseract 3.04.00' />
  <meta name='ocr-capabilities' content='ocr_page ocr_carea ocr_par ocr_line ocrx_word'/>
</head>
<body>
  <div class='ocr_page' id='page_1' title='image "./epistolaederebu01fracgoog_0338.png"; bbox 0 0 2670 4688; ppageno 0'>
   <div class='ocr_carea' id='block_1_1' title="bbox 123 276 767 334">
    <p class='ocr_par' dir='ltr' id='par_1_1' title="bbox 123 276 767 334">
     <span class='ocr_line' id='line_1_1' title="bbox 123 276 767 334; baseline -0.002 -2"><span class='ocrx_word' id='word_1_1' title='bbox 123 276 183 334; x_wconf 66' lang='lat'><strong>334</strong></span> <span class='ocrx_word' id='word_1_2' title='bbox 608 284 767 333; x_wconf 73' lang='lat' dir='ltr'><strong>t‘suttttou</strong></span> 
     </span>
    </p>
   </div>
   <div class='ocr_carea' id='block_1_2' title="bbox 20 431 1225 4184">
    <p class='ocr_par' dir='ltr' id='par_1_2' title="bbox 20 431 1225 4184">
     <span class='ocr_line' id='line_1_2' title="bbox 121 431 1225 526; baseline -0.002 -23"><span class='ocrx_word' id='word_1_3' title='bbox 121 435 212 503; x_wconf 72' lang='lat' dir='ltr'><strong>borna</strong></span> <span class='ocrx_word' id='word_1_4' title='bbox 235 431 396 522; x_wconf 76' lang='lat' dir='ltr'><strong>quotidie,</strong></span> <span class='ocrx_word' id='word_1_5' title='bbox 410 433 544 502; x_wconf 79' lang='lat' dir='ltr'><strong>confert</strong></span> <span class='ocrx_word' id='word_1_6' title='bbox 564 431 744 500; x_wconf 89' lang='lat' dir='ltr'><strong>immeritis</strong></span> <span class='ocrx_word' id='word_1_7' title='bbox 764 443 799 500; x_wconf 91' lang='lat' dir='ltr'><strong>et</strong></span> <span class='ocrx_word' id='word_1_8' title='bbox 820 431 996 521; x_wconf 86' lang='lat' dir='ltr'><strong>indignis.</strong></span> <span class='ocrx_word' id='word_1_9' title='bbox 1020 433 1069 501; x_wconf 89' lang='lat' dir='ltr'><strong>Et</strong></span> <span class='ocrx_word' id='word_1_10' title='bbox 1091 435 1123 503; x_wconf 91' lang='lat' dir='ltr'><strong>si</strong></span> <span class='ocrx_word' id='word_1_11' title='bbox 1148 436 1225 526; x_wconf 90' lang='lat' dir='ltr'><strong>qui-</strong></span> 
     </span>
     <span class='ocr_line' id='line_1_3' title="bbox 120 555 1222 649; baseline 0 -23"><span class='ocrx_word' id='word_1_12' title='bbox 120 556 201 626; x_wconf 89' lang='lat' dir='ltr'><strong>dern</strong></span> <span class='ocrx_word' id='word_1_13' title='bbox 222 555 288 624; x_wconf 91' lang='lat' dir='ltr'><strong>hoc</strong></span> <span class='ocrx_word' id='word_1_14' title='bbox 310 555 406 627; x_wconf 83' lang='lat' dir='ltr'><strong>vetit.</strong></span> <span class='ocrx_word' id='word_1_15' title='bbox 423 567 460 624; x_wconf 81' lang='lat' dir='ltr'><strong>ut.</strong></span> <span class='ocrx_word' id='word_1_16' title='bbox 474 556 597 624; x_wconf 83' lang='lat' dir='ltr'><strong>titterae</strong></span> <span class='ocrx_word' id='word_1_17' title='bbox 618 555 694 624; x_wconf 86' lang='lat' dir='ltr'><strong>eins</strong></span> <span class='ocrx_word' id='word_1_18' title='bbox 716 555 885 631; x_wconf 79' lang='lat' dir='ltr'><strong>indicant.</strong></span> <span class='ocrx_word' id='word_1_19' title='bbox 908 566 1034 645; x_wconf 87' lang='lat' dir='ltr'><strong>potest</strong></span> <span class='ocrx_word' id='word_1_20' title='bbox 1058 559 1222 649; x_wconf 79' lang='lat' dir='ltr'><strong>perfacile</strong></span> 
     </span>
     <span class='ocr_line' id='line_1_4' title="bbox 122 677 1221 772; baseline 0.003 -24"><span class='ocrx_word' id='word_1_21' title='bbox 122 680 274 772; x_wconf 81' lang='lat' dir='ltr'><strong>proiecto</strong></span> <span class='ocrx_word' id='word_1_22' title='bbox 295 699 364 747; x_wconf 94' lang='lat' dir='ltr'><strong>uno</strong></span> <span class='ocrx_word' id='word_1_23' title='bbox 386 677 504 748; x_wconf 74' lang='lat' dir='ltr'><strong>verbo.</strong></span> <span class='ocrx_word' id='word_1_24' title='bbox 526 679 647 747; x_wconf 88' lang='lat' dir='ltr'><strong>Nullus</strong></span> <span class='ocrx_word' id='word_1_25' title='bbox 673 678 764 748; x_wconf 92' lang='lat' dir='ltr'><strong>enim</strong></span> <span class='ocrx_word' id='word_1_26' title='bbox 795 678 1049 764; x_wconf 88' lang='lat' dir='ltr'><strong>dominorum,</strong></span> <span class='ocrx_word' id='word_1_27' title='bbox 1080 693 1154 752; x_wconf 82' lang='lat' dir='ltr'><strong>tum</strong></span> <span class='ocrx_word' id='word_1_28' title='bbox 1173 683 1221 751; x_wconf 81' lang='lat' dir='ltr'><strong>ta·</strong></span> 
     </span>
     <span class='ocr_line' id='line_1_5' title="bbox 123 800 1216 894; baseline 0.005 -25"><span class='ocrx_word' id='word_1_29' title='bbox 123 801 187 870; x_wconf 85' lang='lat' dir='ltr'><strong>cite</strong></span> <span class='ocrx_word' id='word_1_30' title='bbox 207 811 321 894; x_wconf 86' lang='lat' dir='ltr'><strong>potest</strong></span> <span class='ocrx_word' id='word_1_31' title='bbox 338 800 539 870; x_wconf 82' lang='lat' dir='ltr'><strong>benefacere</strong></span> <span class='ocrx_word' id='word_1_32' title='bbox 559 800 688 890; x_wconf 83' lang='lat' dir='ltr'><strong>quibus</strong></span> <span class='ocrx_word' id='word_1_33' title='bbox 703 803 786 879; x_wconf 89' lang='lat' dir='ltr'><strong>vult,</strong></span> <span class='ocrx_word' id='word_1_34' title='bbox 801 821 906 890; x_wconf 79' lang='lat' dir='ltr'><strong>quem</strong></span> <span class='ocrx_word' id='word_1_35' title='bbox 927 802 1124 873; x_wconf 75' lang='lat' dir='ltr'><strong>Romanus</strong></span> <span class='ocrx_word' id='word_1_36' title='bbox 1137 805 1216 874; x_wconf 87' lang='lat' dir='ltr'><strong>Pou-</strong></span> 
     </span>
     <span class='ocr_line' id='line_1_6' title="bbox 125 923 1214 1016; baseline 0 -23"><span class='ocrx_word' id='word_1_37' title='bbox 125 924 224 1004; x_wconf 83' lang='lat' dir='ltr'><strong>tiiex,</strong></span> <span class='ocrx_word' id='word_1_38' title='bbox 251 925 312 1016; x_wconf 82' lang='lat' dir='ltr'><strong>qui</strong></span> <span class='ocrx_word' id='word_1_39' title='bbox 334 924 473 993; x_wconf 63' lang='lat' dir='ltr'><strong>sidone</strong></span> <span class='ocrx_word' id='word_1_40' title='bbox 500 923 582 992; x_wconf 87' lang='lat' dir='ltr'><strong>mihi</strong></span> <span class='ocrx_word' id='word_1_41' title='bbox 611 925 724 994; x_wconf 83' lang='lat' dir='ltr'><strong>facere</strong></span> <span class='ocrx_word' id='word_1_42' title='bbox 751 925 855 994; x_wconf 85' lang='lat' dir='ltr'><strong>veltet</strong></span> <span class='ocrx_word' id='word_1_43' title='bbox 881 924 1091 994; x_wconf 86' lang='lat' dir='ltr'><strong>secundum</strong></span> <span class='ocrx_word' id='word_1_44' title='bbox 1125 946 1214 995; x_wconf 80' lang='lat' dir='ltr'><strong>suuni</strong></span> 
     </span>
     <span class='ocr_line' id='line_1_7' title="bbox 125 1043 1211 1137; baseline -0.001 -21"><span class='ocrx_word' id='word_1_45' title='bbox 125 1047 402 1124; x_wconf 78' lang='lat' dir='ltr'><strong>condecentiani,</strong></span> <span class='ocrx_word' id='word_1_46' title='bbox 428 1044 521 1137; x_wconf 89' lang='lat' dir='ltr'><strong>qnod</strong></span> <span class='ocrx_word' id='word_1_47' title='bbox 542 1044 676 1114; x_wconf 81' lang='lat' dir='ltr'>dixisse</span> <span class='ocrx_word' id='word_1_48' title='bbox 696 1047 803 1115; x_wconf 82' lang='lat' dir='ltr'><strong>fertur</strong></span> <span class='ocrx_word' id='word_1_49' title='bbox 828 1043 1040 1115; x_wconf 80' lang='lat' dir='ltr'>Alexander</span> <span class='ocrx_word' id='word_1_50' title='bbox 1063 1045 1211 1127; x_wconf 78' lang='lat' dir='ltr'><strong>Macedo¹</strong></span> 
     </span>
     <span class='ocr_line' id='line_1_8' title="bbox 128 1164 1210 1248; baseline -0.001 -10"><span class='ocrx_word' id='word_1_51' title='bbox 128 1171 273 1239; x_wconf 80' lang='lat' dir='ltr'><strong>ruuttnni</strong></span> <span class='ocrx_word' id='word_1_52' title='bbox 292 1182 387 1238; x_wconf 85' lang='lat' dir='ltr'><strong>esset</strong></span> <span class='ocrx_word' id='word_1_53' title='bbox 407 1179 466 1238; x_wconf 86' lang='lat' dir='ltr'><strong>aut</strong></span> <span class='ocrx_word' id='word_1_54' title='bbox 501 1166 662 1248; x_wconf 66' lang='lat' dir='ltr'><strong>nimiunn</strong></span> <span class='ocrx_word' id='word_1_55' title='bbox 689 1167 716 1236; x_wconf 91' lang='lat' dir='ltr'><strong>si</strong></span> <span class='ocrx_word' id='word_1_56' title='bbox 745 1188 830 1236; x_wconf 92' lang='lat' dir='ltr'><strong>vero</strong></span> <span class='ocrx_word' id='word_1_57' title='bbox 864 1164 1070 1237; x_wconf 90' lang='lat' dir='ltr'><strong>secundum</strong></span> <span class='ocrx_word' id='word_1_58' title='bbox 1109 1192 1210 1240; x_wconf 80' lang='lat' dir='ltr'><strong>meam</strong></span> 
     </span>
     <span class='ocr_line' id='line_1_9' title="bbox 127 1288 1211 1381; baseline -0.001 -20"><span class='ocrx_word' id='word_1_59' title='bbox 127 1293 417 1372; x_wconf 83' lang='lat' dir='ltr'><strong>insufficientium,</strong></span> <span class='ocrx_word' id='word_1_60' title='bbox 434 1291 515 1359; x_wconf 77' lang='lat' dir='ltr'><strong>nituit</strong></span> <span class='ocrx_word' id='word_1_61' title='bbox 531 1301 627 1359; x_wconf 86' lang='lat' dir='ltr'><strong>esset</strong></span> <span class='ocrx_word' id='word_1_62' title='bbox 646 1298 706 1359; x_wconf 80' lang='lat' dir='ltr'><strong>aut</strong></span> <span class='ocrx_word' id='word_1_63' title='bbox 724 1289 906 1359; x_wconf 86' lang='lat' dir='ltr'><strong>modicum.</strong></span> <span class='ocrx_word' id='word_1_64' title='bbox 931 1288 1129 1381; x_wconf 84' lang='lat' dir='ltr'><strong>Temperet</strong></span> <span class='ocrx_word' id='word_1_65' title='bbox 1149 1291 1211 1360; x_wconf 81' lang='lat' dir='ltr'><strong>hec</strong></span> 
     </span>
     <span class='ocr_line' id='line_1_10' title="bbox 20 1410 1210 1511; baseline -0.002 -29"><span class='ocrx_word' id='word_1_66' title='bbox 20 1500 27 1511; x_wconf 28' lang='grc' dir='ltr'>ι</span> <span class='ocrx_word' id='word_1_67' title='bbox 128 1415 233 1504; x_wconf 77' lang='lat' dir='ltr'><strong>igitur</strong></span> <span class='ocrx_word' id='word_1_68' title='bbox 255 1423 292 1483; x_wconf 92' lang='lat' dir='ltr'><strong>ut</strong></span> <span class='ocrx_word' id='word_1_69' title='bbox 313 1410 375 1481; x_wconf 92' lang='lat' dir='ltr'><strong>sibi</strong></span> <span class='ocrx_word' id='word_1_70' title='bbox 400 1410 588 1479; x_wconf 85' lang='lat' dir='ltr'><strong>videbitur.</strong></span> <span class='ocrx_word' id='word_1_71' title='bbox 610 1413 692 1482; x_wconf 80' lang='lat' dir='ltr'><strong>Sive</strong></span> <span class='ocrx_word' id='word_1_72' title='bbox 717 1411 807 1481; x_wconf 89' lang='lat' dir='ltr'><strong>enirn</strong></span> <span class='ocrx_word' id='word_1_73' title='bbox 831 1412 980 1480; x_wconf 89' lang='lat' dir='ltr'><strong>multum</strong></span> <span class='ocrx_word' id='word_1_74' title='bbox 1004 1413 1124 1495; x_wconf 74' lang='lat' dir='ltr'><strong>iaciat</strong></span> <span class='ocrx_word' id='word_1_75' title='bbox 1146 1413 1210 1483; x_wconf 85' lang='lat' dir='ltr'><strong>sire</strong></span> 
     </span>
     <span class='ocr_line' id='line_1_11' title="bbox 129 1529 1211 1623; baseline -0.001 -20"><span class='ocrx_word' id='word_1_76' title='bbox 129 1536 227 1614; x_wconf 85' lang='lat' dir='ltr'><strong>nihil,</strong></span> <span class='ocrx_word' id='word_1_77' title='bbox 251 1536 326 1602; x_wconf 87' lang='lat' dir='ltr'><strong>sive</strong></span> <span class='ocrx_word' id='word_1_78' title='bbox 341 1529 524 1616; x_wconf 87' lang='lat' dir='ltr'><strong>rnodicurn,</strong></span> <span class='ocrx_word' id='word_1_79' title='bbox 544 1533 781 1604; x_wconf 84' lang='lat' dir='ltr'><strong>contentabor.</strong></span> <span class='ocrx_word' id='word_1_80' title='bbox 802 1534 893 1616; x_wconf 85' lang='lat' dir='ltr'><strong>Quin</strong></span> <span class='ocrx_word' id='word_1_81' title='bbox 914 1541 949 1602; x_wconf 94' lang='lat' dir='ltr'><strong>tu</strong></span> <span class='ocrx_word' id='word_1_82' title='bbox 969 1534 1110 1623; x_wconf 87' lang='lat' dir='ltr'><strong>potius,</strong></span> <span class='ocrx_word' id='word_1_83' title='bbox 1130 1535 1211 1606; x_wconf 83' lang='lat' dir='ltr'><strong>dicut</strong></span> 
     </span>
     <span class='ocr_line' id='line_1_12' title="bbox 127 1654 1209 1747; baseline 0.002 -23"><span class='ocrx_word' id='word_1_84' title='bbox 127 1655 268 1744; x_wconf 85' lang='lat' dir='ltr'><strong>aliquis,</strong></span> <span class='ocrx_word' id='word_1_85' title='bbox 296 1665 373 1745; x_wconf 86' lang='lat' dir='ltr'><strong>pete</strong></span> <span class='ocrx_word' id='word_1_86' title='bbox 407 1655 502 1742; x_wconf 91' lang='lat' dir='ltr'><strong>quod</strong></span> <span class='ocrx_word' id='word_1_87' title='bbox 537 1656 695 1737; x_wconf 87' lang='lat' dir='ltr'><strong>videtur,</strong></span> <span class='ocrx_word' id='word_1_88' title='bbox 730 1654 871 1747; x_wconf 84' lang='lat' dir='ltr'><strong>quando</strong></span> <span class='ocrx_word' id='word_1_89' title='bbox 903 1666 1075 1746; x_wconf 87' lang='lat' dir='ltr'><strong>puratum</strong></span> <span class='ocrx_word' id='word_1_90' title='bbox 1111 1656 1209 1728; x_wconf 87' lang='lat' dir='ltr'><strong>habes</strong></span> 
     </span>
     <span class='ocr_line' id='line_1_13' title="bbox 127 1774 1210 1870; baseline -0.005 -21"><span class='ocrx_word' id='word_1_91' title='bbox 127 1777 281 1849; x_wconf 83' lang='lat' dir='ltr'><strong>animum</strong></span> <span class='ocrx_word' id='word_1_92' title='bbox 313 1774 501 1863; x_wconf 75' lang='lat' dir='ltr'>largientis.</span> <span class='ocrx_word' id='word_1_93' title='bbox 533 1777 619 1858; x_wconf 87' lang='lat' dir='ltr'><strong>Hoc,</strong></span> <span class='ocrx_word' id='word_1_94' title='bbox 652 1778 777 1861; x_wconf 83' lang='lat' dir='ltr'>amice,</span> <span class='ocrx_word' id='word_1_95' title='bbox 808 1799 876 1848; x_wconf 93' lang='lat' dir='ltr'><strong>non</strong></span> <span class='ocrx_word' id='word_1_96' title='bbox 906 1797 1055 1868; x_wconf 76' lang='lat' dir='ltr'><strong>possunt</strong></span> <span class='ocrx_word' id='word_1_97' title='bbox 1096 1778 1210 1870; x_wconf 87' lang='lat' dir='ltr'><strong>triptici</strong></span> 
     </span>
     <span class='ocr_line' id='line_1_14' title="bbox 128 1897 1206 1992; baseline -0.002 -21"><span class='ocrx_word' id='word_1_98' title='bbox 128 1901 273 1971; x_wconf 83' lang='lat' dir='ltr'><strong>ratione:</strong></span> <span class='ocrx_word' id='word_1_99' title='bbox 309 1897 455 1991; x_wconf 86' lang='lat' dir='ltr'><strong>primum</strong></span> <span class='ocrx_word' id='word_1_100' title='bbox 482 1920 609 1991; x_wconf 89' lang='lat' dir='ltr'><strong>nempe</strong></span> <span class='ocrx_word' id='word_1_101' title='bbox 635 1901 719 1991; x_wconf 89' lang='lat' dir='ltr'><strong>quid</strong></span> <span class='ocrx_word' id='word_1_102' title='bbox 747 1911 860 1992; x_wconf 86' lang='lat' dir='ltr'><strong>petum</strong></span> <span class='ocrx_word' id='word_1_103' title='bbox 893 1919 1044 1991; x_wconf 86' lang='lat' dir='ltr'><strong>prorsus</strong></span> <span class='ocrx_word' id='word_1_104' title='bbox 1081 1903 1206 1981; x_wconf 81' lang='lat' dir='ltr'><strong>nescio,</strong></span> 
     </span>
     <span class='ocr_line' id='line_1_15' title="bbox 130 2019 1209 2111; baseline -0.003 -18"><span class='ocrx_word' id='word_1_105' title='bbox 130 2024 219 2094; x_wconf 90' lang='lat' dir='ltr'><strong>sicut</strong></span> <span class='ocrx_word' id='word_1_106' title='bbox 235 2022 290 2091; x_wconf 85' lang='lat' dir='ltr'><strong>ille</strong></span> <span class='ocrx_word' id='word_1_107' title='bbox 302 2019 360 2110; x_wconf 91' lang='lat' dir='ltr'><strong>qui</strong></span> <span class='ocrx_word' id='word_1_108' title='bbox 377 2041 454 2088; x_wconf 86' lang='lat' dir='ltr'><strong>raro</strong></span> <span class='ocrx_word' id='word_1_109' title='bbox 469 2020 497 2088; x_wconf 91' lang='lat' dir='ltr'><strong>si</strong></span> <span class='ocrx_word' id='word_1_110' title='bbox 513 2042 678 2111; x_wconf 84' lang='lat' dir='ltr'><strong>unquam,</strong></span> <span class='ocrx_word' id='word_1_111' title='bbox 694 2023 738 2092; x_wconf 89' lang='lat' dir='ltr'><strong>de</strong></span> <span class='ocrx_word' id='word_1_112' title='bbox 752 2021 880 2091; x_wconf 86' lang='lat' dir='ltr'><strong>tutibus</strong></span> <span class='ocrx_word' id='word_1_113' title='bbox 894 2020 1050 2110; x_wconf 79' lang='lat' dir='ltr'><strong>cogitavi</strong></span> <span class='ocrx_word' id='word_1_114' title='bbox 1066 2047 1075 2088; x_wconf 91' lang='lat'><strong>:</strong></span> <span class='ocrx_word' id='word_1_115' title='bbox 1103 2021 1209 2093; x_wconf 84' lang='lat' dir='ltr'><strong>omniu</strong></span> 
     </span>
     <span class='ocr_line' id='line_1_16' title="bbox 128 2139 1206 2235; baseline 0 -21"><span class='ocrx_word' id='word_1_116' title='bbox 128 2147 198 2214; x_wconf 86' lang='lat' dir='ltr'><strong>sere</strong></span> <span class='ocrx_word' id='word_1_117' title='bbox 221 2143 303 2212; x_wconf 91' lang='lat' dir='ltr'><strong>vitiu</strong></span> <span class='ocrx_word' id='word_1_118' title='bbox 323 2139 405 2209; x_wconf 89' lang='lat' dir='ltr'><strong>mihi</strong></span> <span class='ocrx_word' id='word_1_119' title='bbox 427 2139 528 2211; x_wconf 90' lang='lat' dir='ltr'><strong>obiici</strong></span> <span class='ocrx_word' id='word_1_120' title='bbox 551 2144 604 2211; x_wconf 88' lang='lat' dir='ltr'><strong>vel</strong></span> <span class='ocrx_word' id='word_1_121' title='bbox 623 2142 668 2212; x_wconf 80' lang='lat' dir='ltr'><strong>ab</strong></span> <span class='ocrx_word' id='word_1_122' title='bbox 687 2144 799 2215; x_wconf 87' lang='lat' dir='ltr'><strong>amico</strong></span> <span class='ocrx_word' id='word_1_123' title='bbox 821 2143 938 2235; x_wconf 85' lang='lat' dir='ltr'><strong>potiar,</strong></span> <span class='ocrx_word' id='word_1_124' title='bbox 953 2144 1011 2213; x_wconf 85' lang='lat' dir='ltr'><strong>vel</strong></span> <span class='ocrx_word' id='word_1_125' title='bbox 1035 2143 1084 2215; x_wconf 83' lang='lat' dir='ltr'><strong>ab</strong></span> <span class='ocrx_word' id='word_1_126' title='bbox 1105 2145 1206 2228; x_wconf 79' lang='lat' dir='ltr'><strong>hoste</strong></span> 
     </span>
     <span class='ocr_line' id='line_1_17' title="bbox 127 2260 1206 2354; baseline 0.004 -22"><span class='ocrx_word' id='word_1_127' title='bbox 127 2264 208 2334; x_wconf 88' lang='lat' dir='ltr'><strong>dum</strong></span> <span class='ocrx_word' id='word_1_128' title='bbox 218 2262 318 2331; x_wconf 85' lang='lat' dir='ltr'><strong>dotus</strong></span> <span class='ocrx_word' id='word_1_129' title='bbox 333 2264 443 2330; x_wconf 84' lang='lat' dir='ltr'><strong>mulus</strong></span> <span class='ocrx_word' id='word_1_130' title='bbox 457 2260 612 2353; x_wconf 85' lang='lat' dir='ltr'><strong>dumque</strong></span> <span class='ocrx_word' id='word_1_131' title='bbox 623 2261 764 2334; x_wconf 75' lang='lat' dir='ltr'>ambitio</span> <span class='ocrx_word' id='word_1_132' title='bbox 777 2272 1056 2354; x_wconf 73' lang='lat' dir='ltr'><strong>sequestrentur.</strong></span> <span class='ocrx_word' id='word_1_133' title='bbox 1072 2265 1206 2345; x_wconf 82' lang='lat' dir='ltr'><strong>Deinde</strong></span> 
     </span>
     <span class='ocr_line' id='line_1_18' title="bbox 126 2383 1208 2478; baseline -0.001 -22"><span class='ocrx_word' id='word_1_134' title='bbox 126 2398 201 2456; x_wconf 88' lang='lat' dir='ltr'><strong>esto</strong></span> <span class='ocrx_word' id='word_1_135' title='bbox 220 2384 314 2476; x_wconf 91' lang='lat' dir='ltr'><strong>quod</strong></span> <span class='ocrx_word' id='word_1_136' title='bbox 333 2384 522 2455; x_wconf 77' lang='lat' dir='ltr'><strong>anticorum</strong></span> <span class='ocrx_word' id='word_1_137' title='bbox 542 2385 704 2476; x_wconf 78' lang='lat' dir='ltr'><strong>indagine</strong></span> <span class='ocrx_word' id='word_1_138' title='bbox 717 2386 849 2477; x_wconf 86' lang='lat' dir='ltr'><strong>aliquid</strong></span> <span class='ocrx_word' id='word_1_139' title='bbox 866 2383 961 2478; x_wconf 89' lang='lat' dir='ltr'><strong>quod</strong></span> <span class='ocrx_word' id='word_1_140' title='bbox 981 2398 1145 2477; x_wconf 78' lang='lat' dir='ltr'><strong>peterem</strong></span> <span class='ocrx_word' id='word_1_141' title='bbox 1164 2387 1208 2455; x_wconf 91' lang='lat' dir='ltr'><strong>in·</strong></span> 
     </span>
     <span class='ocr_line' id='line_1_19' title="bbox 126 2508 1208 2602; baseline 0.001 -25"><span class='ocrx_word' id='word_1_142' title='bbox 126 2508 301 2588; x_wconf 87' lang='lat' dir='ltr'><strong>venirem;</strong></span> <span class='ocrx_word' id='word_1_143' title='bbox 329 2518 409 2579; x_wconf 87' lang='lat' dir='ltr'><strong>ante</strong></span> <span class='ocrx_word' id='word_1_144' title='bbox 437 2520 551 2579; x_wconf 86' lang='lat' dir='ltr'><strong>tamen</strong></span> <span class='ocrx_word' id='word_1_145' title='bbox 583 2532 688 2601; x_wconf 83' lang='lat' dir='ltr'><strong>quum</strong></span> <span class='ocrx_word' id='word_1_146' title='bbox 719 2509 869 2579; x_wconf 91' lang='lat' dir='ltr'><strong>nuncius</strong></span> <span class='ocrx_word' id='word_1_147' title='bbox 894 2530 996 2579; x_wconf 89' lang='lat' dir='ltr'><strong>meus</strong></span> <span class='ocrx_word' id='word_1_148' title='bbox 1024 2508 1072 2580; x_wconf 84' lang='lat' dir='ltr'><strong>ad</strong></span> <span class='ocrx_word' id='word_1_149' title='bbox 1107 2511 1208 2602; x_wconf 88' lang='lat' dir='ltr'><strong>pedes</strong></span> 
     </span>
     <span class='ocr_line' id='line_1_20' title="bbox 126 2627 1208 2726; baseline 0.005 -28"><span class='ocrx_word' id='word_1_150' title='bbox 126 2627 344 2722; x_wconf 79' lang='lat' dir='ltr'><strong>Apostolicos</strong></span> <span class='ocrx_word' id='word_1_151' title='bbox 367 2633 578 2725; x_wconf 84' lang='lat' dir='ltr'><strong>perveniret,</strong></span> <span class='ocrx_word' id='word_1_152' title='bbox 599 2642 694 2702; x_wconf 90' lang='lat' dir='ltr'><strong>esset</strong></span> <span class='ocrx_word' id='word_1_153' title='bbox 713 2631 756 2702; x_wconf 88' lang='lat' dir='ltr'><strong>de</strong></span> <span class='ocrx_word' id='word_1_154' title='bbox 778 2632 866 2702; x_wconf 81' lang='lat' dir='ltr'><strong>sacili</strong></span> <span class='ocrx_word' id='word_1_155' title='bbox 889 2630 1044 2722; x_wconf 86' lang='lat' dir='ltr'><strong>idipsum</strong></span> <span class='ocrx_word' id='word_1_156' title='bbox 1066 2634 1208 2726; x_wconf 86' lang='lat' dir='ltr'><strong>petitum</strong></span> 
     </span>
     <span class='ocr_line' id='line_1_21' title="bbox 125 2752 1208 2845; baseline -0.002 -21"><span class='ocrx_word' id='word_1_157' title='bbox 125 2752 170 2824; x_wconf 81' lang='lat' dir='ltr'><strong>ob</strong></span> <span class='ocrx_word' id='word_1_158' title='bbox 190 2754 257 2822; x_wconf 85' lang='lat' dir='ltr'><strong>atio</strong></span> <span class='ocrx_word' id='word_1_159' title='bbox 277 2767 312 2824; x_wconf 89' lang='lat' dir='ltr'><strong>et</strong></span> <span class='ocrx_word' id='word_1_160' title='bbox 332 2775 546 2825; x_wconf 85' lang='lat' dir='ltr'><strong>concessum.</strong></span> <span class='ocrx_word' id='word_1_161' title='bbox 570 2756 644 2824; x_wconf 91' lang='lat' dir='ltr'><strong>Non</strong></span> <span class='ocrx_word' id='word_1_162' title='bbox 665 2764 721 2825; x_wconf 90' lang='lat' dir='ltr'><strong>est</strong></span> <span class='ocrx_word' id='word_1_163' title='bbox 745 2754 850 2834; x_wconf 89' lang='lat' dir='ltr'><strong>enim,</strong></span> <span class='ocrx_word' id='word_1_164' title='bbox 881 2763 918 2822; x_wconf 89' lang='lat' dir='ltr'><strong>ut</strong></span> <span class='ocrx_word' id='word_1_165' title='bbox 935 2753 1080 2845; x_wconf 87' lang='lat' dir='ltr'><strong>opinor,</strong></span> <span class='ocrx_word' id='word_1_166' title='bbox 1100 2755 1208 2826; x_wconf 86' lang='lat' dir='ltr'><strong>domi-</strong></span> 
     </span>
     <span class='ocr_line' id='line_1_22' title="bbox 126 2862 1208 2968; baseline -0.001 -22"><span class='ocrx_word' id='word_1_167' title='bbox 126 2896 193 2946; x_wconf 91' lang='lat' dir='ltr'><strong>nus</strong></span> <span class='ocrx_word' id='word_1_168' title='bbox 214 2888 333 2946; x_wconf 91' lang='lat' dir='ltr'><strong>noster</strong></span> <span class='ocrx_word' id='word_1_169' title='bbox 354 2877 388 2947; x_wconf 94' lang='lat' dir='ltr'><strong>in</strong></span> <span class='ocrx_word' id='word_1_170' title='bbox 410 2878 465 2948; x_wconf 82' lang='lat' dir='ltr'><strong>tua</strong></span> <span class='ocrx_word' id='word_1_171' title='bbox 486 2878 614 2948; x_wconf 85' lang='lat' dir='ltr'><strong>duritie</strong></span> <span class='ocrx_word' id='word_1_172' title='bbox 634 2900 704 2968; x_wconf 82' lang='lat' dir='ltr'><strong>qua</strong></span> <span class='ocrx_word' id='word_1_173' title='bbox 729 2862 869 2947; x_wconf 81' lang='lat' dir='ltr'><strong>suerunt</strong></span> <span class='ocrx_word' id='word_1_174' title='bbox 888 2875 994 2966; x_wconf 83' lang='lat' dir='ltr'><strong>aliqui</strong></span> <span class='ocrx_word' id='word_1_175' title='bbox 1021 2875 1059 2945; x_wconf 94' lang='lat' dir='ltr'><strong>in</strong></span> <span class='ocrx_word' id='word_1_176' title='bbox 1084 2877 1208 2948; x_wconf 90' lang='lat' dir='ltr'><strong>diebus</strong></span> 
     </span>
     <span class='ocr_line' id='line_1_23' title="bbox 129 2997 1210 3090; baseline -0.005 -19"><span class='ocrx_word' id='word_1_177' title='bbox 129 2997 270 3079; x_wconf 86' lang='lat' dir='ltr'><strong>nostris,</strong></span> <span class='ocrx_word' id='word_1_178' title='bbox 303 3019 432 3087; x_wconf 80' lang='lat' dir='ltr'><strong>negare</strong></span> <span class='ocrx_word' id='word_1_179' title='bbox 452 3001 568 3068; x_wconf 87' lang='lat' dir='ltr'><strong>omnia</strong></span> <span class='ocrx_word' id='word_1_180' title='bbox 598 3000 726 3090; x_wconf 83' lang='lat' dir='ltr'><strong>parati,</strong></span> <span class='ocrx_word' id='word_1_181' title='bbox 763 3000 844 3069; x_wconf 89' lang='lat' dir='ltr'><strong>dnm</strong></span> <span class='ocrx_word' id='word_1_182' title='bbox 876 2997 1014 3068; x_wconf 91' lang='lat' dir='ltr'><strong>nonnisi</strong></span> <span class='ocrx_word' id='word_1_183' title='bbox 1049 3000 1210 3090; x_wconf 79' lang='lat' dir='ltr'><strong>perfectis</strong></span> 
     </span>
     <span class='ocr_line' id='line_1_24' title="bbox 129 3119 1212 3211; baseline -0.002 -18"><span class='ocrx_word' id='word_1_184' title='bbox 129 3123 216 3195; x_wconf 88' lang='lat' dir='ltr'><strong>viris</strong></span> <span class='ocrx_word' id='word_1_185' title='bbox 235 3120 320 3192; x_wconf 85' lang='lat' dir='ltr'><strong>dare</strong></span> <span class='ocrx_word' id='word_1_186' title='bbox 342 3119 472 3209; x_wconf 80' lang='lat' dir='ltr'><strong>aliquid</strong></span> <span class='ocrx_word' id='word_1_187' title='bbox 495 3122 629 3201; x_wconf 82' lang='lat' dir='ltr'><strong>volunt3</strong></span> <span class='ocrx_word' id='word_1_188' title='bbox 648 3121 743 3211; x_wconf 89' lang='lat' dir='ltr'><strong>quod</strong></span> <span class='ocrx_word' id='word_1_189' title='bbox 766 3122 793 3191; x_wconf 92' lang='lat' dir='ltr'><strong>si</strong></span> <span class='ocrx_word' id='word_1_190' title='bbox 815 3120 875 3192; x_wconf 84' lang='lat' dir='ltr'><strong>fiat</strong></span> <span class='ocrx_word' id='word_1_191' title='bbox 892 3130 953 3192; x_wconf 90' lang='lat' dir='ltr'><strong>aut</strong></span> <span class='ocrx_word' id='word_1_192' title='bbox 972 3119 1093 3191; x_wconf 85' lang='lat' dir='ltr'><strong>omnia</strong></span> <span class='ocrx_word' id='word_1_193' title='bbox 1107 3121 1212 3193; x_wconf 89' lang='lat' dir='ltr'><strong>bene·</strong></span> 
     </span>
     <span class='ocr_line' id='line_1_25' title="bbox 130 3240 1212 3333; baseline -0.003 -15"><span class='ocrx_word' id='word_1_194' title='bbox 130 3244 205 3318; x_wconf 80' lang='lat' dir='ltr'><strong>ticio</strong></span> <span class='ocrx_word' id='word_1_195' title='bbox 225 3240 416 3325; x_wconf 81' lang='lat' dir='ltr'><strong>vacabunt,</strong></span> <span class='ocrx_word' id='word_1_196' title='bbox 434 3253 495 3312; x_wconf 85' lang='lat' dir='ltr'><strong>aut</strong></span> <span class='ocrx_word' id='word_1_197' title='bbox 513 3241 730 3333; x_wconf 83' lang='lat' dir='ltr'><strong>paucissimis</strong></span> <span class='ocrx_word' id='word_1_198' title='bbox 748 3246 863 3316; x_wconf 83' lang='lat' dir='ltr'><strong>omnia</strong></span> <span class='ocrx_word' id='word_1_199' title='bbox 881 3245 1125 3326; x_wconf 77' lang='lat' dir='ltr'><strong>conserentur3</strong></span> <span class='ocrx_word' id='word_1_200' title='bbox 1145 3255 1212 3315; x_wconf 83' lang='lat' dir='ltr'><strong>tarn</strong></span> 
     </span>
     <span class='ocr_line' id='line_1_26' title="bbox 130 3365 1214 3457; baseline -0.006 -15"><span class='ocrx_word' id='word_1_201' title='bbox 130 3392 208 3441; x_wconf 80' lang='lat' dir='ltr'><strong>rura</strong></span> <span class='ocrx_word' id='word_1_202' title='bbox 228 3378 282 3439; x_wconf 90' lang='lat' dir='ltr'><strong>est</strong></span> <span class='ocrx_word' id='word_1_203' title='bbox 309 3365 460 3434; x_wconf 83' lang='lat' dir='ltr'><strong>humana</strong></span> <span class='ocrx_word' id='word_1_204' title='bbox 486 3365 661 3457; x_wconf 82' lang='lat' dir='ltr'><strong>perfectio.</strong></span> <span class='ocrx_word' id='word_1_205' title='bbox 697 3369 878 3437; x_wconf 83' lang='lat' dir='ltr'><strong>Postremo</strong></span> <span class='ocrx_word' id='word_1_206' title='bbox 912 3365 986 3436; x_wconf 80' lang='lat' dir='ltr'><strong>fieri</strong></span> <span class='ocrx_word' id='word_1_207' title='bbox 1020 3380 1150 3456; x_wconf 88' lang='lat' dir='ltr'><strong>posset</strong></span> <span class='ocrx_word' id='word_1_208' title='bbox 1178 3379 1214 3438; x_wconf 94' lang='lat' dir='ltr'><strong>ut</strong></span> 
     </span>
     <span class='ocr_line' id='line_1_27' title="bbox 130 3486 1214 3585; baseline -0.002 -21"><span class='ocrx_word' id='word_1_209' title='bbox 130 3492 259 3585; x_wconf 83' lang='lat' dir='ltr'><strong>uliqnid</strong></span> <span class='ocrx_word' id='word_1_210' title='bbox 275 3497 443 3583; x_wconf 79' lang='lat' dir='ltr'><strong>poterent,</strong></span> <span class='ocrx_word' id='word_1_211' title='bbox 461 3486 555 3578; x_wconf 89' lang='lat' dir='ltr'><strong>quod</strong></span> <span class='ocrx_word' id='word_1_212' title='bbox 576 3487 689 3557; x_wconf 86' lang='lat' dir='ltr'><strong>eidem</strong></span> <span class='ocrx_word' id='word_1_213' title='bbox 711 3489 852 3559; x_wconf 76' lang='lat' dir='ltr'><strong>donnino</strong></span> <span class='ocrx_word' id='word_1_214' title='bbox 874 3512 940 3559; x_wconf 94' lang='lat' dir='ltr'><strong>non</strong></span> <span class='ocrx_word' id='word_1_215' title='bbox 963 3490 1134 3580; x_wconf 80' lang='lat' dir='ltr'><strong>placeret,</strong></span> <span class='ocrx_word' id='word_1_216' title='bbox 1151 3489 1214 3562; x_wconf 83' lang='lat' dir='ltr'><strong>sed</strong></span> 
     </span>
     <span class='ocr_line' id='line_1_28' title="bbox 130 3605 1215 3708; baseline -0.004 -22"><span class='ocrx_word' id='word_1_217' title='bbox 130 3626 271 3708; x_wconf 90' lang='lat' dir='ltr'><strong>propter</strong></span> <span class='ocrx_word' id='word_1_218' title='bbox 298 3605 596 3697; x_wconf 79' lang='lat' dir='ltr'><strong>incomparabilem</strong></span> <span class='ocrx_word' id='word_1_219' title='bbox 630 3605 878 3698; x_wconf 78' lang='lat' dir='ltr'><strong>lieriignitutenr</strong></span> <span class='ocrx_word' id='word_1_220' title='bbox 910 3631 1008 3678; x_wconf 83' lang='lat' dir='ltr'><strong>suurn</strong></span> <span class='ocrx_word' id='word_1_221' title='bbox 1036 3612 1215 3703; x_wconf 82' lang='lat' dir='ltr'><strong>supplicu-</strong></span> 
     </span>
     <span class='ocr_line' id='line_1_29' title="bbox 132 3728 1216 3820; baseline 0.005 -19"><span class='ocrx_word' id='word_1_222' title='bbox 132 3735 282 3806; x_wconf 86' lang='lat' dir='ltr'><strong>tionibus</strong></span> <span class='ocrx_word' id='word_1_223' title='bbox 303 3730 388 3803; x_wconf 86' lang='lat' dir='ltr'><strong>meis</strong></span> <span class='ocrx_word' id='word_1_224' title='bbox 409 3728 722 3810; x_wconf 84' lang='lat' dir='ltr'><strong>condescenderet,</strong></span> <span class='ocrx_word' id='word_1_225' title='bbox 745 3731 888 3820; x_wconf 82' lang='lat' dir='ltr'><strong>quando</strong></span> <span class='ocrx_word' id='word_1_226' title='bbox 908 3751 975 3819; x_wconf 81' lang='lat' dir='ltr'><strong>ego</strong></span> <span class='ocrx_word' id='word_1_227' title='bbox 997 3733 1092 3801; x_wconf 83' lang='lat' dir='ltr'><strong>nullo</strong></span> <span class='ocrx_word' id='word_1_228' title='bbox 1110 3734 1216 3805; x_wconf 88' lang='lat' dir='ltr'><strong>modo</strong></span> 
     </span>
     <span class='ocr_line' id='line_1_30' title="bbox 132 3852 1216 3943; baseline 0.003 -21"><span class='ocrx_word' id='word_1_229' title='bbox 132 3860 254 3927; x_wconf 76' lang='lat' dir='ltr'><strong>rolleni</strong></span> <span class='ocrx_word' id='word_1_230' title='bbox 283 3855 411 3927; x_wconf 80' lang='lat' dir='ltr'><strong>liuttere</strong></span> <span class='ocrx_word' id='word_1_231' title='bbox 440 3852 579 3943; x_wconf 79' lang='lat' dir='ltr'><strong>aliquid,</strong></span> <span class='ocrx_word' id='word_1_232' title='bbox 601 3854 766 3943; x_wconf 83' lang='lat' dir='ltr'><strong>quanrvis</strong></span> <span class='ocrx_word' id='word_1_233' title='bbox 801 3853 1033 3942; x_wconf 79' lang='lat' dir='ltr'><strong>magnificum,</strong></span> <span class='ocrx_word' id='word_1_234' title='bbox 1065 3856 1216 3927; x_wconf 86' lang='lat' dir='ltr'><strong>etmihi</strong></span> 
     </span>
     <span class='ocr_line' id='line_1_31' title="bbox 131 3974 1217 4065; baseline 0.007 -25"><span class='ocrx_word' id='word_1_235' title='bbox 131 3980 212 4042; x_wconf 81' lang='lat' dir='ltr'><strong>urite</strong></span> <span class='ocrx_word' id='word_1_236' title='bbox 251 3976 343 4065; x_wconf 79' lang='lat' dir='ltr'><strong>qrrod</strong></span> <span class='ocrx_word' id='word_1_237' title='bbox 382 3974 448 4043; x_wconf 90' lang='lat' dir='ltr'><strong>sibi</strong></span> <span class='ocrx_word' id='word_1_238' title='bbox 475 3996 541 4045; x_wconf 89' lang='lat' dir='ltr'><strong>nou</strong></span> <span class='ocrx_word' id='word_1_239' title='bbox 570 3974 707 4065; x_wconf 88' lang='lat' dir='ltr'><strong>penitus</strong></span> <span class='ocrx_word' id='word_1_240' title='bbox 735 3986 872 4064; x_wconf 82' lang='lat' dir='ltr'><strong>gratum</strong></span> <span class='ocrx_word' id='word_1_241' title='bbox 899 3987 1003 4044; x_wconf 82' lang='lat' dir='ltr'><strong>essct.</strong></span> <span class='ocrx_word' id='word_1_242' title='bbox 1035 3975 1129 4057; x_wconf 82' lang='lat' dir='ltr'><strong>Quid</strong></span> <span class='ocrx_word' id='word_1_243' title='bbox 1155 3976 1217 4048; x_wconf 84' lang='lat' dir='ltr'><strong>fiet</strong></span> 
     </span>
     <span class='ocr_line' id='line_1_32' title="bbox 131 4084 1217 4184; baseline 0.008 -25"><span class='ocrx_word' id='word_1_244' title='bbox 131 4096 234 4179; x_wconf 62' lang='lat' dir='ltr'><strong>igitur</strong></span> <span class='ocrx_word' id='word_1_245' title='bbox 252 4097 364 4171; x_wconf 79' lang='lat' dir='ltr'><strong>dicunt</strong></span> <span class='ocrx_word' id='word_1_246' title='bbox 386 4095 458 4169; x_wconf 85' lang='lat' dir='ltr'><strong>tibi.</strong></span> <span class='ocrx_word' id='word_1_247' title='bbox 485 4097 521 4167; x_wconf 87' lang='lat' dir='ltr'><strong>Si</strong></span> <span class='ocrx_word' id='word_1_248' title='bbox 554 4098 714 4168; x_wconf 84' lang='lat' dir='ltr'><strong>voluntas</strong></span> <span class='ocrx_word' id='word_1_249' title='bbox 734 4093 863 4165; x_wconf 87' lang='lat' dir='ltr'><strong>domini</strong></span> <span class='ocrx_word' id='word_1_250' title='bbox 885 4107 954 4175; x_wconf 83' lang='lat' dir='ltr'><strong>cst,</strong></span> <span class='ocrx_word' id='word_1_251' title='bbox 977 4096 1091 4184; x_wconf 81' lang='lat' dir='ltr'><strong>quatis</strong></span> <span class='ocrx_word' id='word_1_252' title='bbox 1114 4084 1217 4169; x_wconf 81' lang='lat' dir='ltr'><strong>vide-</strong></span> 
     </span>
    </p>
   </div>
   <div class='ocr_carea' id='block_1_3' title="bbox 0 0 1354 4688">
    <p class='ocr_par' dir='ltr' id='par_1_3' title="bbox 0 0 1354 4688">
     <span class='ocr_line' id='line_1_33' title="bbox 0 0 1354 4688; baseline 0 0"><span class='ocrx_word' id='word_1_253' title='bbox 0 0 1354 4688; x_wconf 95' lang='lat' dir='ltr'><strong> </strong></span> 
     </span>
    </p>
   </div>
  </div>
 </body>
</html>
