2670 4688
121 284 180 347 llll}
578 292 742 342 turrianus

122 449 286 536 loquutus
305 464 394 513 sum.
410 441 492 526 Ubi,
509 441 718 524 mihicrede,
733 463 807 512 non
822 453 904 514 tam
920 455 1095 537 prompta
1117 464 1213 513 reram

121 565 276 637 definitio
294 579 348 636 est
361 588 465 657 quam
479 564 667 636 verborum
681 563 904 656 disputatio:
923 582 1122 663 propterea
1137 563 1212 659 quod

122 691 316 761 luturorum
337 688 549 781 praesagium
570 708 639 757 non
659 686 766 758 modo
784 687 952 770 difficile,
977 690 1047 762 sed
1064 692 1212 761 incertam

123 825 187 883 est.
207 813 324 904 ltaque
344 811 411 880 etsi
429 830 617 881 successus
635 809 718 880 felix
735 830 822 881 esse
841 814 987 904 possit,
1013 813 1137 886 electio
1158 832 1211 882 nou

124 937 263 1008 fortuita
276 955 356 1007 esse
373 955 441 1004 uon
463 943 588 1025 potest.
610 931 696 1001 Nam
718 929 806 1023 quid
829 932 956 1025 eligas
978 933 1045 1007 ubi
1061 930 1210 1028 quidquid

124 1058 274 1150 elegeris
285 1056 419 1128 consilii
432 1053 591 1126 lancibus
604 1074 796 1127 excussum
811 1075 883 1148 par
899 1057 1057 1150 vertigo
1070 1059 1209 1129 Fortuna

126 1180 296 1252 rotatibus
320 1178 491 1271 applicet?
515 1177 628 1248 Unum
654 1186 708 1247 est
727 1175 762 1245 in
781 1176 891 1248 cuius
918 1179 1106 1252 electione
1128 1197 1208 1249 neno

126 1302 265 1385 fallitur,
283 1313 320 1371 at
337 1300 548 1394 ubicumque
569 1321 632 1373 nos
654 1300 710 1370 vel
731 1299 937 1372 necessitas
958 1303 1151 1386 locaverit,
1166 1298 1206 1367 ael

126 1428 303 1508 voluntas,
335 1423 402 1495 illic
425 1444 529 1515 aequo
549 1423 666 1494 animo
686 1444 727 1494 ac
747 1421 953 1494 secundum
977 1424 1149 1496 virtutem
1169 1421 1207 1489 ri

126 1568 222 1628 vere,
246 1568 316 1617 non
337 1545 529 1617 secundum
555 1546 741 1616 Fortunam
762 1542 965 1634 eligamus,
991 1545 1095 1618 band
1116 1541 1204 1637 ignari

125 1668 295 1760 quidquid
324 1670 357 1739 in
391 1670 532 1759 longum
566 1666 670 1738 modo
695 1686 760 1736 nos
785 1664 944 1738 solicitat
969 1689 1063 1741 esse
1090 1666 1205 1741 bruris·

126 1790 264 1862 simum.
286 1793 440 1863 Transeo
460 1802 578 1863 autem
600 1810 731 1860 memor
749 1808 805 1858 me
824 1789 871 1857 de
895 1787 957 1860 bis
989 1799 1111 1865 tecum
1136 1806 1205 1862 anno

126 1914 252 1999 altero,
282 1915 365 1986 dum
391 1936 455 1986 nos
480 1913 557 1984 baee
582 1912 704 1984 eadem
727 1908 812 1981 urbs
832 1924 869 1980 et
888 1909 1034 1984 domus
1065 1914 1203 1991 baberet,

130 2040 234 2110 multa
263 2037 488 2118 disseruisse,
521 2056 656 2128 nosque
687 2028 867 2116 omnibus,
889 2048 1078 2124 quantum
1107 2046 1204 2109 nostra

125 2148 269 2230 consilio
289 2157 363 2229 lieri
383 2173 509 2252 potest,
532 2157 625 2229 haud
647 2156 865 2247 negligenter
884 2158 1078 2244 excussis,
1100 2158 1133 2228 in
1155 2157 1204 2226 boa

125 2277 264 2348 demum
293 2274 484 2359 resedisse,
508 2286 556 2359 ut,
577 2278 686 2349 ltaliae
709 2287 814 2369 atque
840 2275 1002 2369 Europae
1024 2280 1136 2353 rebus
1154 2278 1203 2348 boe

126 2397 159 2466 in
180 2403 273 2466 statu
296 2397 527 2478 manentibus,
556 2421 624 2470 non
650 2399 755 2470 modo
787 2419 857 2468 non
890 2399 986 2471 alter
1021 2401 1204 2475 Mediolano

123 2519 229 2591 tutior
246 2519 423 2614 rebusque
442 2522 528 2594 meis
547 2529 670 2617 aptior,
690 2506 753 2595 sed
771 2523 887 2592 nullus
904 2524 1058 2597 omnino
1072 2543 1203 2621 nsquam

122 2649 250 2734 praetor
266 2643 499 2718 Mediolanum
522 2648 623 2739 plene
644 2646 727 2717 mibi
748 2644 969 2717 conveniens
986 2648 1095 2723 locus
1110 2655 1201 2722 esset

123 2763 232 2834 Unam
258 2766 521 2858 excipiebamus
544 2767 664 2841 urbem
686 2768 837 2848 Patavii;
860 2765 1040 2860 adquam
1063 2783 1202 2867 postne

124 2883 207 2955 dum
243 2885 435 2976 prolectuS,
462 2911 503 2960 ac
527 2890 573 2960 de
598 2891 759 2981 proximo
793 2889 1016 2981 prolecturus
1048 2914 1146 2978 sum,
1169 2900 1201 2962 at

123 3004 306 3095 utriusque
327 3008 390 3077 loci
410 3009 538 3080 accolis
558 3009 774 3082 desiderium
801 3030 925 3092 meum,
955 3031 1027 3082 non
1047 3013 1130 3086 dico
1149 3013 1200 3084 tol·

123 3131 188 3200 lam
207 3136 268 3197 aut
285 3128 454 3215 minuam,
477 3133 572 3225 quod
594 3132 710 3214 nolim,
735 3133 798 3205 sed
819 3133 1054 3206 alternatione
1072 3137 1199 3208 leniam.

123 3249 355 3333 Quamobrem
388 3274 433 3324 an
467 3264 504 3326 lu
536 3254 744 3327 sententiam
773 3255 937 3341 mutaris,
962 3256 1114 3330 nescio:
1143 3276 1200 3349 ego

123 3373 212 3443 enim
235 3372 269 3442 in
289 3378 469 3469 proposito
489 3400 581 3460 sum,
606 3388 644 3449 ut
664 3377 769 3450 buius
796 3398 935 3471 magnae
957 3378 1059 3450 urbis
1086 3379 1200 3474 strepi·

125 3505 212 3574 tum,
241 3493 316 3565 baec
345 3498 446 3570 taedia
473 3499 550 3569 aliis
577 3499 691 3570 taediis
714 3499 855 3570 urbanis
875 3499 911 3568 in
932 3510 1045 3570 tol-um
1067 3522 1200 3594 permu-

125 3626 199 3691 tara
225 3616 306 3689 boui
332 3618 429 3703 nibil,
463 3623 544 3692 mali
578 3623 666 3692 forte
699 3621 844 3716 aliquid,
880 3629 915 3692 et
947 3619 1083 3694 laboris
1117 3618 1201 3694 band

126 3737 231 3813 dubio
265 3743 451 3833 plurimum
485 3743 622 3814 babeat.
658 3743 774 3814 Sicubi
809 3766 896 3814 vero
928 3744 1084 3817 solitudo
1117 3756 1201 3817 tran·

125 3863 230 3956 quilla
251 3885 289 3935 so
309 3864 517 3948 ostenderet,
536 3885 641 3958 quam
662 3887 740 3957 ege,
764 3877 800 3936 ut
818 3866 904 3948 dixi,
926 3866 1046 3936 animo
1065 3888 1202 3962 percur-

128 4008 209 4057 rens
241 3998 380 4069 cuncta,
414 4009 483 4060 non
515 3990 630 4071 video,
656 4009 725 4059 non
753 3989 859 4060 ivisse
893 3987 955 4058 sed
982 3991 1129 4062 volasse
1153 4007 1202 4060 me

127 4113 260 4187 audies.
283 4115 364 4191 llaec
386 4122 454 4187 tam
476 4114 583 4187 multa
605 4112 650 4185 de
674 4113 792 4195 nihilo,
819 4109 982 4202 quoniam
1017 4123 1055 4183 et
1086 4111 1149 4185 tibi
1171 4120 1204 4182 et
