2670 4688
223 260 316 309 ornan
337 260 502 309 vrcssruos
523 258 695 308 secaneos.
708 277 742 288 -
757 258 911 306 urrsroua
932 259 994 306 xlv.
1094 245 1152 307 toa

73 372 220 495 regrinis
245 402 378 498 poculis
402 411 537 486 aestuet,
565 400 714 496 inopiam
737 422 779 473 ae
798 398 972 472 delectum
997 411 1034 473 et
1059 401 1150 473 sitim

75 537 175 598 vocat
195 525 471 609 intollerabilem,
495 543 576 616 quae
606 525 724 615 lugam
753 545 906 617 quaeque
938 525 1152 599 deditionem

74 648 284 720 sufficienter
302 658 457 720 excuset.
486 647 548 718 Hic
573 650 747 740 prolectas
773 649 825 718 rei
849 647 1005 720 bellicae:
1032 651 1083 722 sic
1107 651 1153 722 ab

74 772 181 844 armis
202 771 247 843 ad
267 746 388 866 cyatos
409 771 568 843 militaris
588 769 732 843 ambitio
754 772 947 866 prooessit:
974 796 1042 845 non
1068 797 1154 866 qua-

76 894 153 966 liter
175 871 346 988 pugnent,
369 894 433 964 sed
454 894 603 986 qualiter
623 903 742 987 potent
753 905 858 988 atque
873 894 1155 968 inebrienturest

76 1016 242 1109 quaestio,
264 1037 334 1107 qua
354 1039 435 1087 cum
456 1015 617 1088 hostibus
638 1017 797 1088 loederati
818 1027 907 1088 totos
927 1016 1003 1087 dies
1017 1029 1156 1090 noctes-

79 1161 149 1231 que
169 1160 247 1208 cum
267 1138 563 1209 commilitonibus
581 1138 762 1209 decertant
790 1140 879 1224 suis,
909 1151 945 1210 et
964 1142 1021 1212 ille
1045 1141 1157 1214 vietor

78 1259 312 1353 lamosiorque
331 1261 391 1353 qui
412 1261 484 1331 vini
512 1261 672 1352 capacior
697 1262 941 1355 profusiorque
966 1273 1022 1334 est
1047 1265 1156 1336 miles.

79 1383 182 1454 Venit
202 1383 235 1454 in
258 1383 322 1453 bec
343 1405 473 1474 genere
493 1382 671 1454 hominum
688 1383 779 1477 (solo
797 1383 945 1478 utinam)
959 1387 1056 1479 quod
1072 1408 1158 1459 ven·

80 1519 196 1579 turum
217 1506 426 1577 vaticinatus
444 1518 499 1577 est
511 1507 658 1578 Seneca:
673 1508 844 1578 habebitur
856 1508 969 1600 inquit
980 1508 1159 1600 aliquando

81 1633 233 1702 ebrietati
260 1633 382 1713 leonor,
413 1641 444 1699 et
466 1631 649 1722 plurimum
682 1631 767 1699 meri
798 1633 921 1724 cepisse
951 1633 1059 1702 uirtus
1087 1635 1158 1703 erit.

81 1755 143 1825 His
165 1765 202 1824 tu
221 1753 390 1825 institutis
410 1762 447 1822 et
464 1751 520 1822 his
539 1751 665 1823 studiis
685 1774 850 1843 magnum
868 1753 998 1846 aliquid
1017 1759 1162 1849 speres‘?

82 1878 160 1949 lore
189 1878 276 1947 tales
302 1876 420 1947 exitus
448 1897 563 1945 rerum
591 1885 673 1945 sunt
697 1876 820 1967 quales
846 1873 1024 1947 ebriorum
1049 1875 1161 1947 decet.

80 2000 299 2092 Quamquam
322 1998 416 2091 quod
436 1999 590 2069 infelices
612 1997 686 2068 ltali
706 1999 761 2068 vel
779 1997 1002 2069 dissimulant
1019 2001 1075 2070 vel
1094 2019 1163 2070 non

81 2123 214 2206 vident,
244 2124 321 2194 haec
348 2124 519 2194 latronum
546 2121 640 2193 acies
665 2143 734 2191 non
760 2120 806 2192 ad
832 2121 991 2214 praelium
1025 2121 1088 2193 sed
1120 2124 1166 2193 ad

83 2247 239 2340 praedam
258 2259 363 2339 atque
380 2245 425 2316 ad
443 2257 562 2338 potum
580 2246 709 2316 nostris
729 2243 836 2335 degat
853 2241 1040 2316 infinibus.
1055 2244 1164 2316 Vetus

85 2371 225 2440 malum.
246 2369 415 2458 Legimus
433 2379 571 2457 gentem
591 2368 683 2437 illam
697 2369 837 2457 frugum
855 2379 890 2438 et
904 2369 1080 2461 praecipne
1093 2367 1164 2437 vini

84 2487 269 2560 dulcedine
289 2487 439 2576 primum
457 2488 539 2555 olim
561 2487 596 2554 in
618 2488 750 2556 ltaliam
773 2486 1048 2570 transcendisse,
1071 2489 1167 2578 quod

88 2609 217 2680 utinam
233 2606 407 2697 hodieque
423 2627 491 2675 non
508 2605 713 2698 tamcupide
729 2608 889 2688 lacerent,
901 2626 1036 2697 nosque
1051 2608 1168 2699 prohi-

87 2730 217 2802 bitores
236 2728 271 2799 in
292 2729 410 2799 limine
431 2740 467 2799 et
487 2748 554 2798 non
574 2726 687 2818 magis
702 2726 892 2798 imitatores
910 2725 1056 2799 insaniae
1069 2749 1169 2819 repe-

88 2855 213 2927 rirent:
231 2876 302 2946 quo
319 2852 357 2924 lit
381 2863 417 2923 nt
434 2851 599 2948 paulatim
620 2863 744 2923 cuncta
765 2851 987 2942 degenerent,
1012 2874 1087 2924 mos
1108 2873 1169 2945 pa-

87 2954 190 3060 trius,
219 2998 348 3060 sermo,
380 2976 538 3060 hahituS,
566 2976 649 3046 vitae
680 2975 807 3046 modus
833 2974 927 3045 domi
957 2974 1166 3067 militiaeque,

88 3099 252 3194 quodque
270 3100 506 3192 nequidquam
520 3099 620 3191 queri
634 3100 744 3180 soleo,
760 3097 959 3170 laventibus
972 3098 1088 3181 nobis,
1104 3097 1169 3167 lta-

91 3224 135 3316 lia
155 3224 247 3305 baec,
263 3244 368 3315 quam
382 3222 448 3293 etsi
463 3243 533 3292 non
549 3220 680 3292 videris
694 3223 796 3313 plane
809 3222 917 3302 nosti,
933 3220 1027 3291 dictu
1042 3218 1167 3291 mirum

89 3358 126 3419 et
146 3347 203 3417 vel
220 3343 378 3416 hostibus
399 3341 654 3427 miserandum,
669 3342 704 3412 in
723 3345 952 3414 truculentam
972 3340 1168 3413 barbariem

91 3469 377 3541 transformetur:
392 3467 491 3537 cuins
507 3465 668 3545 monstri,
683 3465 884 3557 prodigiosa
896 3465 976 3535 licet
988 3464 1171 3536 delectatio

93 3594 138 3664 sit
157 3589 304 3672 insanis,
334 3609 438 3679 quam
474 3598 589 3661 tamen
623 3586 781 3683 patribus
806 3590 976 3659 rationem
1000 3588 1169 3659 reddituri

93 3716 204 3785 simus
224 3734 293 3783 non
319 3710 482 3801 intelligo.
506 3710 574 3781 Sed
595 3711 640 3780 de
667 3711 733 3781 boc
759 3732 855 3804 saepe
881 3712 991 3780 multa
1017 3732 1082 3782 nec
1107 3735 1173 3784 un-

93 3859 198 3930 quam
220 3835 304 3906 satis
323 3835 429 3904 multa
449 3833 612 3904 disserui.
631 3832 730 3903 Nunc
748 3854 913 3924 peragam
928 3833 1023 3926 quod
1048 3835 1170 3929 incepi.

95 3959 185 4042 Quid
205 3968 261 4029 est
280 3977 366 4048 ergo
386 3955 481 4048 qued
500 3954 666 4025 miremur
686 3954 715 4024 si
737 3954 830 4048 apud
848 3975 912 4026 nos
937 3968 973 4027 et
998 3960 1171 4051 sepultum

96 4082 277 4174 imperium
298 4091 334 4152 ct
354 4078 493 4151 libertas
515 4095 685 4168 oppressa
705 4086 774 4161 cst,
796 4087 856 4148 aut
881 4079 910 4149 si
938 4090 1057 4152 nostro
1083 4101 1174 4151 nnnc
