2670 4688
211 294 271 355 ιιι
692 309 854 359 ιιιιιιιιιιιι

212 447 401 541 gratitudo:
419 470 512 522 vana
534 469 659 521 manus
684 441 844 532 hominis,
866 453 971 522 fallax
996 470 1114 543 equum
1137 451 1312 525 adsalu-

213 580 279 642 tem
301 572 378 664 ipso
397 594 514 655 suam3
548 584 586 644 ut
603 572 706 655 alias,
737 573 921 664 supposuit
948 593 1088 643 manum
1111 576 1312 665 praeseuti-

211 713 280 783 qus
299 714 355 763 me
376 693 475 765 solus
494 693 603 765 exitio
624 692 783 764 Christus
800 693 938 784 eripuit.
960 690 1062 772 Quod
1080 690 1227 765 idcirco
1248 693 1309 765 tibi

211 825 331 887 uotum
346 816 506 925 volussput
526 816 617 888 sicut
627 813 720 910 opud
732 817 892 888 Flaccum
909 814 1053 887 oaducae
1067 813 1220 885 arboris
1235 817 1310 888 rui-

211 956 272 1019 ιιι
286 935 697 1028 sicuputlmeiustabilis
717 960 799 1030 equr
790 936 936 1028 lapsus
958 933 1111 1029 propriae
1133 955 1210 1007 uos
1222 958 1309 1009 cou-

210 1038 352 1129 ditionis
377 1057 575 1142 admoneat,
611 1060 746 1131 inanem
781 1078 863 1129 esse
891 1055 1151 1151 providentiam
1176 1056 1308 1130 huma-

211 1200 305 1261 uam,
326 1178 581 1253 ineluctabilem
608 1181 667 1252 lati
695 1181 777 1261 vim,
799 1178 1072 1251 innumerabiles
1093 1182 1304 1253 mortalium

210 1320 329 1382 casus,
349 1301 628 1373 ioaestimabilem
649 1302 853 1375 ooecitmem.
881 1302 1002 1392 ltaque
1027 1298 1114 1371 dom
1135 1299 1229 1374 huic
1249 1324 1306 1375 oo-

210 1422 384 1495 currimus
400 1424 437 1495 in
458 1422 541 1495 illud
564 1424 757 1510 currimus,
789 1434 826 1496 et
847 1423 932 1501 dum
965 1421 1123 1494 maxime
1146 1424 1305 1495 circum·

212 1542 378 1635 spicimus
406 1564 451 1615 ao
481 1545 589 1615 multa
622 1543 865 1639 providemus,
902 1554 975 1615 tum
1004 1542 1166 1615 maxime
1210 1544 1305 1616 uncle

211 1661 260 1739 nil
275 1663 520 1735 metuebamus
537 1665 776 1759 opprimimur,
799 1663 907 1756 litque
922 1664 1018 1821 quod
1038 1663 1088 1735 ait
1104 1663 1170 1735 ille
1191 1666 1306 1739 veris·

212 1783 362 1857 simum.

235 1954 239 1961 -
496 1954 505 1971 .
714 1903 944 1985 ,improvisa
960 1903 1012 1967 loti

286 2072 289 2077 ,
350 2096 353 2101 Ι
492 2002 544 2068 Vis
560 1952 663 2085 rapuit
676 1952 833 2083 rapietque
848 2008 964 2083 gentes.

211 2148 667 2243 Nequidquam-esturmus
686 2158 791 2244 utque
810 2153 985 2243 angimur,
1003 2152 1076 2223 sola
1097 2165 1304 2245 potensest

212 2288 396 2343 occurrere
405 2271 543 2343 cunctis
556 2271 675 2344 divina
685 2273 876 2345 clementia
888 2273 938 2344 Ea
946 2281 1027 2345 tuuc
1035 2273 1168 2347 Flacco
1179 2279 1303 2363 adluit

212 2410 308 2463 uuuc
325 2390 426 2479 milri,
441 2394 639 2487 smpealiis:
658 2394 813 2487 alioquin
831 2415 897 2465 uec
920 2394 978 2465 illo
1001 2414 1120 2479 suum,
1143 2420 1220 2473 uec
1237 2422 1305 2495 ego

212 2532 348 2605 meum,
379 2536 446 2589 uec
471 2517 571 2591 multi
589 2516 760 2589 bellorum
780 2536 886 2587 casus
917 2515 951 2585 iu
984 2536 1082 2608 pace,
1102 2521 1305 2617 pelagique

210 2635 525 2729 perieulaiulitore
538 2637 1213 2730 renarrareut..llicsemperscrupulus
1225 2666 1305 2739 pro·

212 2757 290 2844 mit,
309 2759 405 2852 qood
416 2760 501 2833 dum
512 2760 749 2835 difficultatem
766 2782 871 2833 uuam
887 2760 1078 2833 evanuisse
1093 2763 1303 2853 credimus,

210 2890 374 2973 superest
400 2883 521 2955 altera.
543 2883 626 2955 Tota
648 2883 758 2955 nostri
787 2892 1061 2974 nostrarumque
1087 2892 1220 2959 rerum
1243 2911 1304 2963 oo-

210 3000 324 3077 stodia
343 3004 591 3103 committeppu
611 3007 683 3077 Deo
698 3015 766 3089 est,
790 3014 829 3085 el
842 3003 1047 3098 depropriis
1072 3005 1226 3083 viribus
1243 3022 1303 3087 aut

208 3110 365 3199 consilis
384 3126 430 3198 uil
452 3128 674 3221 sperandum.
690 3125 771 3201 ssi
790 3126 861 3200 iam
876 3126 922 3200 de
947 3125 1106 3199 moribus
1129 3132 1228 3207 satis
1246 3142 1304 3207 cst

209 3248 609 3337 dictum-:adlamiliaria
622 3259 880 3323 convertamur.
891 3250 1045 3341 Legatos
1056 3252 1303 3345 urgebimus

208 3369 527 3475 μικιιιςιιιειιιιι
535 3371 759 3481 scripseram,
772 3390 871 3465 spem
884 3390 999 3443 meam
1013 3369 1237 3451 liberalitato
1249 3379 1303 3449 ri·

208 3470 528 3586 mutprope
548 3491 786 3567 mediffidissc
811 3492 993 3587 proritent,
1012 3495 1186 3585 quamvis
1204 3518 1301 3573 sem·

208 3638 277 3710 per
287 3616 406 3697 uiuos
427 3636 569 3709 spuere
583 3617 629 3688 sit
639 3616 759 3690 tutius.
780 3616 835 3687 Nil
851 3614 1006 3687 omnium
1022 3632 1106 3709 quae
1120 3618 1303 3711 petieram

208 3741 363 3830 negavit:
385 3742 477 3812 ultro
495 3738 601 3814 ctiam
623 3750 662 3813 ut
681 3762 744 3835 pro
763 3762 820 3811 mo
832 3738 910 3835 lpso
923 3739 1057 3832 grande
1073 3739 1216 3834 aliquid
1237 3767 1303 3841 pe-

208 3874 327 3945 terem,
349 3863 508 3936 hortatus
533 3874 598 3935 est
622 3863 698 3955 ligo
720 3872 838 3935 autom
865 3884 929 3955 pru
956 3881 1015 3933 me
1035 3860 1134 3933 nihil.
1159 3864 1301 3941 Fallor:

208 3988 315 4057 immo
333 4008 420 4060 vcro
446 4008 512 4082 pro
539 4008 596 4061 me
628 3984 760 4060 omniu:
789 3983 876 4079 quid
899 3984 993 4058 euim
1026 3985 1151 4059 verius
1172 4010 1301 4063 meum

207 4126 314 4192 quam
340 4110 437 4203 quod
469 4110 760 4183 amicorumertl
790 4108 965 4183 Ceterum
989 4128 1060 4200 ogo
1079 4106 1301 4203 iampridem
