2834 5086
165 588 222 641 :tttt'r
631 600 791 647 ibitthUi

166 740 357 813 innumerae
374 741 494 813 laudes
512 746 593 825 sint,
613 756 728 815 tamen
746 747 803 815 ittn
820 744 914 837 apud
930 744 1130 816 Ciceronem
1148 764 1247 837 prae-

163 864 264 956 cipuu
284 877 349 948 est,
371 865 464 957 quod
486 866 618 937 fortiter·
638 891 679 938 uc
699 868 856 938 modeste
875 866 994 961 optimi
1012 864 1071 937 iiiii
1088 877 1246 939 mortem

164 986 262 1056 tutit?
280 988 399 1059 Nonne
420 989 560 1061 Catonis
579 992 712 1083 collega
730 990 891 1072 Quintius
909 988 1068 1071 Marcius,
1083 988 1244 1081 quicum

164 1106 292 1180 Consul
313 1131 356 1181 eo
376 1111 451 1205 ipso
471 1112 528 1183 die
548 1135 620 1205 quo
637 1112 788 1187 Senatus
810 1111 1001 1184 secundum
1023 1114 1134 1203 legem
1153 1098 1246 1185 conss

165 1234 344 1306 vocandus
364 1250 455 1319 erat,
480 1236 618 1307 unicum
646 1234 845 1329 spectandae
869 1235 995 1307 indolis
1020 1233 1127 1304 fitium
1150 1234 1244 1307 umi-

164 1356 279 1441 sisset,
294 1370 329 1429 et
343 1361 530 1452 sepulturae
548 1360 608 1430 titii
629 1362 707 1454 pius
724 1371 822 1452 pater
842 1359 1005 1441 interfuit,
1019 1369 1056 1429 et
1075 1380 1157 1429 mox
1175 1358 1244 1429 Se-

164 1490 282 1551 natum
310 1482 438 1553 Cunsul
462 1484 626 1575 egregius
653 1484 875 1567 convocarit,
902 1504 1008 1553 unum
1029 1480 1121 1552 diem
1149 1481 1248 1553 inter

164 1601 405 1674 diversissima
437 1605 563 1697 privati
600 1608 759 1679 mmroris
793 1602 829 1679 et
861 1606 1009 1702 publicae
1044 1606 1248 1679 maiestatis

163 1728 309 1819 partitus
336 1727 479 1798 officia‘?
503 1728 624 1798 Nonne
649 1731 777 1801 Pautus
804 1729 974 1811 AEmitius,
1004 1730 1104 1801 cuius
1132 1750 1250 1823 supra

165 1852 400 1932 memineram,
421 1851 526 1921 Paulo
544 1865 663 1924 nostro
684 1876 745 1945 par
772 1853 925 1937 nomine,
947 1851 1027 1936 sed,
1048 1850 1145 1945 quod
1165 1854 1251 1925 nol-

167 1974 245 2055 tem,
265 1972 393 2043 virtute
414 1972 587 2067 superior,
607 1974 666 2067 qui
684 1974 823 2047 duobus
839 1976 987 2069 primum
1006 1971 1086 2045 fitiis
1102 1974 1139 2044 in
1156 1974 1252 2048 ado-

164 2095 317 2189 ptionem
342 2095 454 2177 datie,
481 2104 516 2165 et
542 2120 624 2167 mox
650 2096 789 2170 duobus
814 2120 903 2191 quos
937 2097 1003 2169 sibi
1033 2110 1253 2171 servaverat

165 2220 240 2310 (qui
263 2220 385 2311 quates
406 2234 526 2292 essent
553 2220 632 2292 inde
650 2222 811 2293 coniicies
831 2222 925 2314 quod
946 2221 1033 2294 inter
1054 2221 1159 2292 datos
1182 2222 1254 2293 fuit

164 2341 349 2413 Africanus
376 2342 503 2425 iuniori,
527 2345 614 2414 intra
641 2346 826 2436 septimum
853 2345 945 2416 diem
970 2356 1080 2415 morte
1101 2340 1254 2417 subtra-

166 2466 246 2549 ctis,
275 2466 458 2537 orbitatem
489 2488 587 2536 suam
616 2478 684 2537 tam
712 2468 840 2540 invicto
865 2467 982 2537 animo
1007 2462 1171 2558 pertulit,
1211 2480 1255 2541 ut

166 2599 244 2678 post
266 2589 477 2680 triumphum
495 2588 768 2675 Macedonicum,
787 2614 890 2683 quom
910 2589 973 2660 sibi
993 2590 1104 2659 virtus
1121 2602 1159 2659 et
1176 2592 1253 2662 for-

168 2723 249 2781 tuna
269 2709 599 2804 deuopulentissimo
626 2734 707 2803 rege
728 2726 947 2807 pepererant,
970 2723 1004 2785 et
1029 2734 1134 2805 quem
1157 2716 1251 2787 alte

166 2834 239 2905 rius
261 2834 411 2905 filiorum
432 2855 525 2905 mors
547 2848 791 2929 praecesserat,
815 2838 956 2909 alterius
978 2838 1135 2907 insecuta
1156 2850 1250 2925 erat,

164 2959 334 3054 Populum
356 2960 549 3029 Romanum
577 2961 771 3050 alloquens,
798 2960 899 3051 quasi
925 2958 1052 3053 publici
1081 2960 1250 3033 consola-

166 3084 251 3154 toris
271 3083 382 3153 officio
403 3083 621 3174 fungeretur,
643 3095 678 3152 ot¹
701 3083 736 3153 id
762 3081 826 3151 sibi
854 3095 970 3177 optuto
996 3080 1169 3152 accidisse
1189 3081 1250 3155 di-

165 3214 279 3288 ceret,
306 3206 401 3295 quod
431 3206 464 3274 in
498 3216 593 3277 tanto
618 3204 802 3299 splendore
829 3227 1054 3275 successuum
1085 3203 1248 3296 publico-

165 3353 260 3413 rum,
282 3340 442 3400 motuens
467 3350 510 3398 ne
536 3352 605 3420 qua
630 3330 744 3398 forsan
768 3328 911 3418 gaudio,
936 3340 972 3400 ut
992 3326 1040 3412 fit,
1061 3328 1246 3401 mmstitiae

165 3474 204 3524 so
224 3452 336 3523 nubes
361 3451 567 3536 effunderet,
590 3454 680 3522 Deos
706 3452 811 3520 anxie
833 3461 994 3544 precatus
1014 3462 1124 3534 esset,
1150 3462 1190 3523 ut
1211 3452 1246 3525 si

163 3576 249 3671 quid
269 3577 408 3648 tacitum
436 3576 640 3659 minaretur,
664 3585 771 3644 totum
799 3598 818 3645 a
840 3574 954 3668 popuii
979 3572 1177 3647 cervicibus
1204 3576 1246 3649 iu

164 3721 262 3770 sunm
278 3700 416 3770 domum
430 3700 578 3769 Fortuna
592 3702 834 3769 converterent>
848 3698 966 3767 Nonne
980 3699 1116 3769 biarcus
1129 3700 1245 3773 Hora-

164 3821 232 3893 tius
248 3822 429 3903 PulvitluS,
448 3820 502 3891 eui
520 3843 599 3892 cum
617 3820 818 3912 Capitolium
836 3818 1077 3895 dedicantiab
1098 3820 1245 3897 AEmiiio

164 3966 258 4015 mors
284 3943 343 4014 tilii
371 3944 531 4013 nunciata
556 3941 730 4025 essetab
756 3966 861 4037 opere
886 3945 1050 4037 glorioso,
1073 3944 1243 4036 quamvis

163 4066 333 4159 equidem,
351 4077 387 4137 ut
404 4068 501 4149 tatso,
517 4078 640 4138 moesto
656 4078 769 4136 tamen
786 4088 925 4138 rumore
943 4068 1124 4160 perculsus
1142 4066 1245 4139 absi-

164 4200 287 4275 steret,
308 4190 392 4259 nibii
412 4201 474 4260 aut
496 4191 592 4261 vuttu
614 4201 673 4261 nut
697 4192 813 4262 animo
835 4200 949 4263 motus
977 4201 1048 4275 est,
1066 4198 1244 4283 coeptum-

163 4333 231 4401 quo
254 4335 320 4384 non
342 4317 490 4407 amptius
517 4314 715 4400 intermisit,
738 4338 842 4408 quam
870 4326 907 4386 ut
931 4314 1083 4388 cadaver
1103 4312 1246 4389 iuberet

163 4436 304 4511 auferri,
329 4439 443 4529 ternpii
464 4439 626 4510 contiuuo
645 4448 776 4531 postem
800 4442 945 4511 teuens‘?
966 4438 1066 4523 Qum!
1089 4440 1116 4509 si
1140 4438 1244 4513 salsae-
1284 4464 1290 4475 ·
