2670 4688
158 310 163 319 ‘
225 312 334 361 arasa
355 307 727 369 troasruusoutnrus.-
740 311 893 359 errarunt
916 313 955 358 xr.
1078 299 1134 359 tttl

154 459 347 552 Obsequio,
369 458 484 550 qualis
501 458 681 528 Lucanum
704 457 737 526 in
760 461 828 531 lata
848 460 1024 533 uolentem

154 583 314 674 Impulit:
337 580 486 651 arterias
506 578 643 651 medico
663 578 761 651 dedit
777 579 835 651 ille
852 594 1000 655 cruento

155 703 320 798 Supptioii
341 702 504 793 graviore
525 711 618 772 metu
640 702 832 792 mortisque
852 703 1049 795 pudendm:

158 827 215 897 Sic
231 846 297 896 sua
318 825 518 896 Lucretium
536 843 632 895 mors
649 823 794 896 abstulit
814 845 855 896 ac
874 827 970 897 lorus
990 824 1094 899 ardor

155 949 275 1037 Longe
290 947 380 1029 aliis,
402 958 442 1017 ut
457 949 566 1031 lama,
585 946 671 1018 locis
693 944 851 1018 habitare
869 947 996 1037 coegit.

154 1072 222 1157 Qui
239 1069 300 1141 tibi
320 1093 415 1142 nuuc
434 1069 541 1160 igitur
562 1069 820 1161 comites,‘quae
840 1069 929 1153 vita,
951 1067 1098 1141 libenter

155 1192 350 1278 audierim,
369 1202 539 1285 quantum
559 1213 642 1263 vero
663 1202 722 1263 tua
744 1191 879 1263 somnia
896 1191 1039 1274 distent,

154 1316 199 1385 Et
215 1335 329 1405 vagus
350 1314 501 1385 AEeueas
518 1321 690 1406 portaque
709 1314 862 1384 emissus
881 1312 1031 1385 eburna:

153 1438 208 1507 An
227 1438 341 1531 potius
358 1435 434 1507 oaeli
456 1436 555 1526 regio
574 1436 759 1527 tranquilla
780 1435 901 1509 beatos

151 1557 304 1651 Excipit,
324 1556 547 1648 ingeniisque
566 1553 724 1626 arrident
741 1565 839 1627 astra
861 1556 996 1629 serenis

154 1682 237 1753 Post
256 1678 398 1775 Stygios
418 1687 541 1770 raptus
563 1677 782 1770 spoliataque
801 1678 960 1761 Tartara,
983 1681 1110 1750 summi

156 1803 259 1893 Regis
280 1800 324 1872 ad
345 1800 552 1883 adventum,
574 1821 704 1891 magno
723 1802 912 1872 certamine
927 1801 1046 1872 vietor

152 1924 259 2016 Impia
277 1923 339 2015 qui
359 1923 489 2018 pressit
505 1922 684 2014 'stigmatis
704 1921 823 1993 limina
844 1923 988 2015 plantis,

153 2045 402 2137 Stigmatisque
422 2055 547 2138 potens
562 2023 696 2116 aeterna
716 2047 883 2136 repagula
903 2046 1027 2137 palmis

152 2167 285 2259 Fregit,
308 2178 344 2239 et
360 2166 546 2240 horrisono
564 2165 742 2241 convulsit
759 2167 902 2241 cardine
922 2168 1069 2241 valvas?

151 2291 233 2362 lime
252 2311 321 2382 ego
338 2310 444 2360 nosse
467 2290 584 2360 velim.
607 2291 674 2374 Tu,
694 2289 825 2363 mundo
845 2289 874 2360 si
894 2313 966 2383 qua
987 2291 1104 2363 silenti

150 2411 280 2482 Umbra
300 2429 424 2480 recens
445 2420 567 2481 nostra
590 2410 709 2480 veniet
729 2410 790 2480 tibi
811 2415 929 2483 forsan
951 2411 1097 2492 ahora,

152 2532 237 2615 Quis
259 2530 324 2602 tria
338 2549 420 2600 cara
439 2529 501 2600 tibi
517 2530 594 2600 loca
611 2551 718 2611 nuno,
738 2529 953 2621 totidemque
971 2529 1106 2602 libellos

151 2651 279 2724 Exitus
299 2650 453 2744 excipiat
474 2651 606 2722 nostris
627 2651 730 2721 simul
748 2650 865 2742 accipe
887 2650 1017 2722 verbis.

150 2774 366 2866 Parthenope
381 2773 502 2845 infelix
524 2783 623 2866 rapto
639 2774 750 2866 gemit
764 2772 851 2845 orba
870 2773 1035 2858 Roberto,

149 2899 407 2990 Multorumque
427 2896 503 2969 dies
520 2916 692 2969 annorum
713 2896 856 2970 sustulit
873 2919 965 2985 uuus

150 3025 334 3114 Prospera3
352 3043 445 3092 nunc
464 3018 582 3093 dubiis
600 3018 732 3114 pendet
751 3019 850 3114 plebs
867 3022 974 3095 anxia
994 3024 1088 3105 latis,

149 3146 406 3235 innocuamque
427 3153 590 3238 premunt
608 3166 798 3238 paucorum
816 3145 959 3216 erimina
981 3143 1130 3215 turbam.

147 3265 284 3359 Optima
305 3264 450 3336 finitimo
470 3267 625 3358 quatitur
646 3268 724 3337 sinc
746 3264 815 3337 fine
838 3269 986 3338 tumultu

148 3387 304 3469 Mantua,
322 3387 554 3478 magnanimis
576 3387 725 3460 ducibus
745 3387 806 3459 sed
828 3391 928 3472 tulta,
951 3403 1089 3460 recusat

148 3508 279 3578 Invicta
297 3509 434 3579 cervice
457 3511 593 3600 iugum,
615 3508 777 3581 civilibus
799 3531 863 3581 usa

148 3635 207 3704 llla
228 3630 368 3724 quidem
390 3633 554 3717 dominis,
573 3633 712 3704 externi
732 3634 850 3705 nescia
872 3634 982 3725 regni.

145 3757 232 3827 llius
254 3753 313 3825 tibi
334 3755 515 3846 composui
535 3773 616 3846 quae
636 3756 801 3848 perlegis,
823 3754 892 3825 otia
916 3766 1038 3825 nactus

146 3879 248 3948 Ruris
266 3878 374 3948 amica
399 3875 458 3946 tui.
482 3875 640 3959 Quonam
659 3897 773 3966 vagus
795 3876 874 3947 aria
897 3878 983 3948 calle

145 4001 256 4071 Fusca
279 4001 390 4093 sequi,
412 3999 542 4094 quibus
559 3998 595 4067 in
615 3997 724 4091 pratis
743 4020 860 4098 errare
878 4001 1011 4072 soleres

146 4121 297 4194 Assidue
319 4146 453 4196 meorrm
477 4123 636 4205 volvens,
661 4142 766 4212 quam
786 4122 939 4194 fluminis
960 4145 1066 4197 oram.
