2670 4688
456 488 641 552 FllllNClSCl
668 487 869 571 PETRARCAE

291 710 355 784 DE
409 705 581 785 REBUS
637 704 663 781 F
672 705 1036 785 AMlLlAlllBUS

372 923 501 995 LIBER
527 922 957 994 VlCESlMUSTERTlUS.

551 1599 731 1668 uersuum
754 1607 774 1668 l.

351 1793 545 1843 rtruucrscus
568 1794 737 1842 PETRARCA
759 1794 800 1842 lo
822 1792 973 1843 [cuoruu.

160 1952 299 2006 Adversus
313 1950 423 2021 agmina
435 1948 566 2017 militum,
580 1965 643 2020 quae
656 1947 763 2018 Magnae
778 1947 921 2002 Societatis
935 1946 1049 2003 nominc
1062 1947 1170 2004 Italiam

130 2085 136 2097 .
228 2040 329 2095 misere
342 2036 495 2105 vastabant,
507 2036 659 2090 humanam
672 2041 700 2089 et
712 2035 851 2089 caelestem
864 2051 946 2107 opem
958 2036 1098 2107 implorat.

224 2306 364 2397 Loquor
378 2305 457 2395 quia
472 2327 579 2396 cogor
594 2335 601 2376 :
619 2318 720 2396 urget
732 2307 823 2378 enim
843 2307 953 2398 pietas
970 2308 1204 2402 ardentesque

128 2428 288 2497 stimulos
302 2424 407 2495 anxio
421 2423 497 2514 figit
513 2427 547 2494 in
562 2434 700 2516 pectore
717 2426 778 2517 qui
798 2449 852 2497 me
868 2437 981 2498 tacere
994 2449 1063 2498 non
1077 2429 1206 2500 sinunt.

127 2547 253 2617 Etscio
268 2565 322 2613 me
331 2541 568 2635 nequidquam
584 2545 687 2635 loqui,
699 2545 991 2636 nequeOvidiano
1005 2551 1141 2619 relevor
1151 2570 1207 2621 so-

129 2667 223 2750 latio,
246 2665 341 2759 quod
349 2666 478 2737 scilicet
486 2663 633 2760 perdere
651 2664 757 2736 verba
772 2668 850 2736 leve
860 2678 926 2746 est;
946 2668 1015 2738 imo
1032 2667 1134 2750 enim,
1158 2670 1210 2738 ni·

128 2790 175 2862 hil
189 2788 334 2882 gravius
358 2787 489 2860 homini
506 2788 680 2860 silentium
699 2789 839 2859 amanti.
855 2789 993 2883 Loquor
1008 2801 1131 2874 tamon,
1146 2792 1209 2863 sed

128 2924 269 2985 coactus
286 2923 322 2982 ut
334 2911 420 2982 dixi.
432 2913 475 2982 Et
490 2914 612 3004 loquor
623 2910 771 2982 vobis...
787 2912 942 2997 Quibus?
966 2914 1055 2987 Heu!
1078 2915 1208 2987 nescio.

129 3036 158 3108 0
176 3034 345 3106 libertatis
362 3045 398 3106 et
414 3033 589 3127 pudicitiae
606 3034 731 3125 ingens
751 3037 982 3124 uirorumue,
1003 3040 1063 3132 qui
1087 3058 1209 3127 supcr-

130 3156 195 3227 bos
215 3156 298 3228 loedi
318 3158 449 3228 servitii
468 3168 630 3229 auctores
645 3159 733 3229 solio
744 3159 914 3244 deiecisti,
933 3171 969 3230 et
986 3157 1210 3252 impudicitiae

130 3278 316 3369 magistros
338 3302 449 3371 usque
472 3280 518 3351 ad
543 3280 672 3351 interos
698 3280 814 3372 gladio
840 3281 978 3352 vindice
1005 3291 1209 3374 persecutus

129 3425 187 3487 es,
210 3400 340 3471 utinam
358 3401 521 3483 viveres3
550 3399 611 3471 tibi
637 3404 808 3494 loquerer.
831 3402 859 3471 O
880 3402 1032 3494 gloriose
1053 3402 1207 3485 Camillo,

129 3525 190 3616 qui
204 3531 323 3593 nostro
337 3524 507 3614 sanguine
520 3523 783 3616 despumantem
799 3526 1059 3616 Transalpinam
1077 3523 1209 3595 rabiem

131 3648 165 3716 in
198 3646 283 3739 ipsis
308 3645 424 3716 adhuc
452 3646 617 3716 fumantis
646 3647 769 3738 patriae
798 3645 974 3717 cineribus
1009 3646 1206 3728 extinxisti,

132 3768 262 3839 utinam
283 3768 443 3849 viverem
467 3766 526 3836 tibi
549 3766 719 3859 loquerer.
742 3769 770 3836 Ο
792 3790 928 3838 summe
950 3770 1107 3840 virorum
1134 3770 1208 3842 Sci-

129 3894 200 3987 pio,
228 3893 287 3986 qui
314 3891 541 3962 Hannibalem
571 3888 757 3982 septimum
784 3889 958 3961 decimum
983 3913 1111 3962 annum
1130 3893 1207 3963 'iam

129 4016 235 4086 ltaliae
252 4015 508 4087 incumbentem
530 4013 608 4084 hinc
623 4012 657 4080 vi
670 4012 863 4083 detractum
881 4013 913 4082 in
933 4017 1069 4108 propria
1084 4015 1205 4111 patria,
