2670 4688
512 116 665 165 arrsrom
686 117 706 162 1.
1089 101 1148 162 195

77 262 228 335 mundus
246 261 421 353 integrior.
440 261 478 333 ld
495 259 524 330 si
546 256 630 329 mih-i
649 279 715 327 non
736 255 899 341 creditur,
920 256 1149 350 experientiae

73 387 245 459 credatur.
268 384 414 470 Quando
436 405 586 476 unquam
614 389 708 452 tanta
733 400 819 473 pax,
844 390 938 451 tanta
955 383 1148 474 tranquilli-

74 523 142 593 tas,
178 519 271 581 tanta
302 507 444 591 iustitia,
479 517 595 578 tantus
623 504 742 576 virtuti
770 502 899 589 honos,
927 513 1021 576 tanta
1047 504 1147 577 bonis
1199 519 1201 523 ’

72 635 233 724 praemia,
252 640 346 702 tanta
365 632 463 700 malis
477 628 658 724 supplicia,
682 639 750 699 tam
769 625 858 698 bene
874 630 1069 699 consultum
1093 652 1148 699 re-

73 749 139 840 bus
153 772 257 843 quam
271 758 454 843 postquam
468 769 574 818 unum
588 755 692 839 caput
704 742 799 816 orbis
819 743 951 827 habuit,
973 751 1147 838 caputque

73 874 187 968 ipsum
206 873 312 942 Roma
330 871 415 942 luit‘l
434 872 509 955 Quo
530 868 746 962 potissimum
767 875 921 960 tempore
942 877 1074 939 amator
1088 890 1148 961 pa-
1231 869 1235 876 '

72 998 122 1067 cis
143 1019 185 1067 ac
204 995 345 1066 iustitiae
367 999 461 1066 nasci
478 995 572 1065 Deus
586 1016 632 1065 ex
649 992 785 1084 virgine
807 1001 988 1084 terrasque
1004 991 1148 1066 visitare

71 1120 235 1211 dignatus
255 1121 332 1189 est‘l
351 1118 492 1208 Singula
513 1116 650 1209 quidem
674 1115 822 1207 singulis
841 1115 1044 1208 corporibus
1066 1117 1148 1188 data

73 1254 154 1314 sunt
169 1242 295 1335 capita,
316 1252 353 1313 et
371 1239 466 1312 orbis
481 1240 681 1321 universus,
703 1239 760 1310 oui
781 1261 801 1310 a
823 1250 923 1331 poeta
941 1239 1057 1330 magni
1071 1261 1147 1311 cor

71 1365 165 1459 poris
177 1386 302 1435 nomen
317 1362 538 1448 adscribitur,
556 1384 624 1434 uno
637 1363 817 1456 temporali
827 1361 939 1454 capite
947 1361 1056 1433 debet
1065 1383 1147 1433 esse

69 1498 264 1561 contentus.
285 1489 545 1558 lllonstruosum
566 1493 622 1557 est
640 1486 731 1556 enim
751 1506 853 1556 omne
870 1485 996 1555 animal
1012 1474 1153 1577 bicepsz'

69 1621 199 1702 quanto
219 1607 328 1700 magis
344 1608 553 1680 horrendum
566 1617 602 1679 et
615 1607 763 1678 immane
785 1606 979 1700 prodigium
998 1616 1053 1678 est
1072 1607 1145 1678 ani-

69 1734 138 1802 mal
156 1733 248 1802 mille
274 1732 422 1824 capitum
448 1732 682 1815 diversorum,
710 1752 817 1822 seque
847 1752 885 1803 se
915 1731 1145 1803 mordentium

69 1856 286 1948 invicemque
316 1857 567 1946 pugnantium?
596 1855 697 1940 Quod
729 1853 757 1924 si
790 1853 902 1947 capita
927 1856 1026 1947 plura
1054 1865 1143 1938 sunt,

73 2002 180 2050 unurn
203 1987 317 2050 tamen
337 1980 433 2071 quod
464 1989 586 2050 cuncta
614 1990 813 2072 compescat
844 1989 949 2071 atquo
981 1979 1145 2052 omnibus

71 2102 192 2196 praesit
223 2124 303 2173 esse
333 2102 460 2173 debore
486 2124 555 2172 non
578 2101 777 2191 ambigitur,
801 2112 837 2171 ut
860 2102 963 2173 totius
990 2102 1145 2195 corporis

71 2249 141 2319 pax
167 2226 375 2296 inconcussa
399 2233 610 2317 permaneat.
639 2224 737 2294 Certe
769 2226 865 2314 quod
895 2223 1144 2316 experimentis

69 2345 261 2416 innumeris
274 2354 309 2416 et
322 2344 602 2416 doctissimorum
612 2342 790 2414 hominum
803 2345 1008 2416 auctoritate
1025 2345 1145 2416 delen-

72 2489 149 2538 sum
170 2480 238 2548 est,
257 2477 293 2539 et
313 2469 347 2538 in
361 2469 449 2540 coalo
465 2477 501 2538 et
519 2468 553 2538 in
571 2476 663 2538 terra
685 2467 814 2558 optima
826 2488 962 2560 semper
983 2468 1047 2539 suit
1068 2467 1143 2539 uni-

70 2599 123 2660 tas
144 2589 366 2681 principatus.
389 2589 424 2662 ld
446 2610 530 2662 sane
544 2611 743 2682 supremum
764 2601 868 2685 caput
884 2591 976 2661 velle
993 2612 1032 2661 se
1049 2591 1142 2662 Deus

70 2709 287 2805 omnipotens
307 2731 375 2781 non
391 2712 485 2782 aliud
503 2733 582 2783 esse
603 2733 707 2804 quam
729 2715 872 2786 Romam
894 2711 1142 2809 multiplicibus

68 2833 258 2904 declaravit
282 2834 433 2919 indiciis,
460 2858 563 2928 quam
585 2835 664 2907 belli
686 2837 852 2930 pacisque
873 2839 996 2930 gloria,
1019 2859 1143 2930 quam-

68 2977 137 3046 que
155 2956 345 3029 mirabilem
360 2960 434 3029 sine
455 2962 615 3050 exemplo
636 2961 774 3031 virtutis
794 2970 887 3033 tanta
901 2961 1142 3056 praeminentia

69 3079 210 3168 dignam
230 3081 319 3150 lecit.
342 3081 428 3164 Quae
448 3103 645 3174 quanquam
668 3084 714 3153 ita
736 3086 818 3167 sint,
841 3085 954 3157 adhuc
978 3098 1090 3156 tamen
1111 3085 1142 3158 si

70 3203 209 3274 humani
241 3226 336 3277 more
365 3205 469 3276 animi
492 3210 580 3280 malo
601 3230 665 3280 suo
686 3209 838 3301 quotidie
859 3210 1058 3302 gaudentis,
1080 3209 1142 3281 ali-

68 3349 138 3418 qua
156 3347 257 3416 gens,
282 3340 319 3398 ut
335 3326 422 3410 dixi,
445 3330 647 3402 damnosam
669 3343 704 3402 et
723 3329 921 3423 ambiguam
949 3334 1139 3408 libertatem

69 3473 172 3542 quarn
195 3461 305 3522 tutum
326 3461 361 3522 et
382 3454 532 3522 salu-tare
554 3451 700 3544 publicae
713 3456 835 3526 matris
854 3456 1037 3549 imperium
1055 3461 1141 3532 rual-

70 3574 295 3666 letamplecti,
316 3585 434 3667 posset
454 3574 645 3661 insolentiae
658 3578 715 3646 vel
730 3577 875 3649 inscitiae
888 3583 990 3652 venia
1007 3581 1138 3659 deberi.

70 3699 154 3769 lllud
169 3722 252 3770 vero
272 3699 350 3792 quis
373 3700 550 3770 inoffensis
565 3699 707 3772 auribus
721 3701 866 3794 accipiat
880 3706 967 3774 inter
980 3704 1138 3779 homines

69 3818 188 3892 doctos
206 3808 331 3916 quaeri,
360 3845 402 3893 an
419 3844 598 3894 romanum
613 3825 796 3917 imperium
820 3828 938 3898 Romae
956 3830 1027 3899 sit?
1046 3829 1139 3922 Ergo

70 3941 161 4032 apud
179 3945 322 4018 Parthos
335 3947 527 4036 Persasque
544 3957 580 4017 ct
593 3941 1138 4023 Medosl’arthorumPersarunr-
