2670 4688
386 107 619 189 Arrunoui
655 50 967 191 urmunluuu.

637 452 710 473 -ο-

228 1036 357 1118 Habes,
392 1035 503 1106 amice
535 1037 656 1116 lector,
687 1044 765 1106 octo
793 1033 908 1105 adhuc
936 1034 1110 1106 Francisci
1143 1037 1206 1108 Pe·

164 1179 254 1233 nrcae
282 1160 462 1252 epistolas:
489 1180 636 1252 quarum
669 1167 863 1251 postremas
883 1158 981 1240 duas,
1010 1160 1163 1232 nondum
1185 1184 1206 1232 a

157 1282 292 1378 uopiam
306 1281 342 1351 in
361 1284 489 1373 vulgus
510 1281 633 1364 editas
654 1283 775 1355 Romae
793 1281 829 1352 in
848 1280 1055 1354 bibliotheca
1076 1283 1205 1356 Barbe-
1284 1315 1286 1319 >

150 1406 264 1477 ruiana
300 1403 543 1477 delitescentes
583 1404 696 1477 serius
728 1405 855 1476 inveni.
897 1405 957 1477 llla
989 1426 1069 1497 quae
1100 1407 1205 1478 Lurae

147 1529 324 1601 llrristiano
345 1527 552 1610 inscribitur,
568 1549 616 1599 ex
631 1527 810 1601 codicibus
822 1527 997 1600 Vaticanis
1017 1541 1052 1600 et
1072 1528 1205 1601 Barbe-

138 1650 270 1722 ·inianis
299 1661 413 1732 eruta,
436 1673 558 1744 parum
579 1650 694 1723 differt
725 1650 771 1722 ab
796 1650 837 1721 iis
857 1672 939 1743 quae
961 1651 1028 1724 sub
1048 1652 1204 1723 numeris

131 1782 163 1857 2,
187 1777 223 1857 3,
249 1773 322 1843 let
343 1776 500 1843 5extant
524 1773 559 1840 in
585 1773 690 1844 Libro
709 1772 797 1842 llll-l.
819 1773 864 1843 de
881 1773 999 1845 liebus
1013 1774 1205 1846 Familiari-

127 1896 206 1965 bus.
226 1895 311 1965 Cum
333 1905 449 1964 lamen
470 1914 526 1964 res
543 1894 677 1985 aliquas
697 1892 783 1963 scitu
804 1893 1030 1982 dignissimas
1048 1896 1105 1965 illa
1122 1917 1204 1966 con-

128 2018 245 2100 tineat,
278 2035 394 2110 operae
428 2017 577 2108 pretium
609 2016 777 2086 duximus
809 2036 884 2086 eam
906 2036 1045 2107 quoque
1072 2017 1107 2086 iu
1138 2016 1204 2088 bac

124 2139 316 2236 appendice
328 2136 507 2210 exhibere.
516 2137 621 2235 lypis
631 2136 761 2208 iamdiu
775 2139 946 2230 impressa
954 2160 1075 2231 parum
1087 2149 1202 2210 tamen

125 2273 215 2349 nota,
233 2274 269 2336 et
287 2283 464 2355 nunquam
485 2262 574 2333 inter
594 2282 696 2356 opera
719 2259 774 2330 Fr.
788 2261 960 2333 Petrarcae
974 2263 1010 2333 in
1023 2261 1201 2334 veteribus

125 2384 335 2460 editionibus
355 2385 607 2479 comprehensa
637 2385 694 2456 illa
714 2395 769 2457 est
799 2383 855 2456 cui
878 2384 1011 2457 initium
1037 2414 1052 2452 a
1078 2391 1203 2457 Fervet

124 2509 254 2577 animus
272 2507 441 2592 »ludicra
453 2509 592 2601 quidem
609 2528 671 2578 nec
684 2505 857 2592 absoluta,
873 2507 938 2580 sed
952 2518 1067 2581 tamen
1081 2519 1201 2580 aucto·

126 2627 174 2699 ris
195 2629 306 2720 gratia
323 2631 464 2701 minime
488 2627 707 2720 negligenda.
735 2629 880 2701 Caeterae
907 2642 1056 2723 quatuor
1077 2632 1122 2703 ad
1143 2632 1201 2704 Ni-

124 2748 1197 2849 oolaumTribunumPopuliRomani,quumuecFamiliaribus
1232 2814 1235 2821 .
1295 2826 1300 2847 ,

125 2893 188 2944 nec
213 2871 325 2943 llariis
357 2884 502 2965 possent
534 2873 725 2959 accenseri,
757 2896 818 2945 eas
851 2873 944 2944 enim
974 2884 1094 2946 auctor
1124 2876 1198 2968 ipse

125 2994 270 3068 seorsim
289 2993 493 3075 servandas
508 2995 621 3080 duxit,
649 2996 766 3088 dignae
783 2996 883 3068 nobis
905 2997 994 3068 visae
1015 3008 1097 3069 sunt
1116 3017 1197 3091 quae

123 3119 236 3190 locum
258 3117 334 3189 heic
354 3117 563 3205 invenirent,
582 3140 651 3211 quo
673 3118 859 3210 singularis
881 3121 970 3191 illius
998 3120 1064 3192 viri
1089 3122 1196 3195 histo

124 3242 175 3311 ria
194 3239 393 3313 huiusmodi
413 3240 630 3313 documentis
653 3243 809 3314 testatior
826 3254 933 3314 esset.

220 3364 320 3437 Haud
339 3363 490 3458 denique
502 3365 657 3438 ociosum
670 3366 837 3439 duximus
859 3365 893 3435 in
911 3377 1070 3439 extrema
1091 3368 1194 3442 buius

124 3484 333 3579 Appendicis
361 3498 458 3582 parte
491 3487 661 3560 Francisci
696 3490 805 3560 nostri
839 3498 1081 3564 testamentum
1114 3516 1194 3587 pro-
