2670 4688
536 314 687 363 nrrsrom
712 314 755 361 ur.
1122 301 1181 362 :us

107 493 121 527 ι
151 467 206 536 vel
238 465 357 536 verius
381 465 426 536 ad
448 466 624 557 Principes
650 484 759 534 meos.
787 464 831 532 lit
857 484 902 533 ne
934 477 1126 553 evagantes
1146 464 1179 533 in

107 616 121 649 ι
150 589 252 658 latius
285 586 600 678 transgrediamur,
624 588 758 678 incepta
791 585 835 657 ad
870 607 1047 656 recessum
1083 598 1179 658 tuum

106 739 120 772 ι
150 708 664 784 mibillebiliaettibiobstacula
679 729 804 801 parare
822 707 995 779 videntur.
1012 707 1181 799 Incipiunt

106 863 120 896 ιι
150 854 263 924 genua
282 831 454 901 debilitari
483 830 652 911 fidelium,
680 832 818 901 sortium
853 831 940 900 colla
974 829 1085 910 llecti,
1120 851 1179 900 seu

105 985 120 1018 ιι
149 957 358 1026 insolescere
385 954 498 1025 rabies
530 963 767 1048 tyrannorum.
795 952 978 1043 Angustiae
1011 962 1094 1022 sunt
1118 973 1180 1021 un-

105 1107 120 1140 ι
150 1078 272 1167 (lique,
294 1075 378 1145 mihi
399 1077 547 1160 utinam,
573 1085 608 1146 et
626 1097 692 1145 non
714 1075 785 1146 tibi.
808 1075 844 1145 ln
867 1074 966 1144 silvis
988 1073 1125 1154 milites,
1148 1074 1180 1142 in

110 1228 123 1261 ι
151 1200 284 1293 campis
312 1198 515 1293 praedones,
544 1199 577 1267 in
603 1198 672 1266 viis
698 1199 868 1266 latrones:
896 1194 1105 1265 insidiantur
1128 1193 1179 1275 lri,

105 1349 120 1385 ι
151 1321 280 1414 tibique
314 1333 411 1392 tuum
446 1341 625 1392 recessum
660 1327 697 1389 ut
726 1317 771 1390 ad
800 1318 858 1388 illa
893 1319 1069 1409 pertingas
1108 1340 1181 1390 me·

105 1475 120 1508 ι
148 1444 214 1515 diis
249 1444 418 1515 imbribus
452 1443 654 1537 impediunt.
695 1444 752 1513 Sic
796 1444 969 1514 elementa
997 1442 1182 1514 turbantur

104 1595 119 1629 r
148 1577 184 1638 et
203 1589 291 1659 pene
313 1567 547 1658 inantiquum
569 1566 677 1636 cbaos
700 1566 865 1636 universa
888 1577 1181 1657 vertamusque

104 1717 119 1752 ιι
146 1690 298 1783 pericula
317 1688 422 1760 etiam
452 1686 535 1758 mihi
556 1687 765 1758 exterminia
794 1690 1057 1758 comminantur.
1080 1687 1125 1756 Et
1144 1698 1181 1755 ut

101 1838 117 1875 ιι
146 1813 339 1905 patentiora
366 1833 434 1881 non
467 1819 697 1903 expectemus
724 1808 867 1892 indicia,
899 1822 1041 1881 ostensa
1072 1809 1181 1901 respi-

103 1961 118 1996 ι
146 1933 279 2003 ciamus
299 1933 461 2023 insignia.
497 1932 678 2003 Hiantibus
706 1931 864 2004 faucibus
897 1935 1019 2024 piratae
1051 1934 1181 2004 circum

102 2080 118 2114 ι
146 2055 237 2123 circa
254 2053 474 2134 discurrunt;
501 2051 563 2123 sed
595 2055 681 2123 mira
703 2074 773 2134 res,
809 2052 854 2122 ad
886 2074 1006 2124 corum
1034 2053 1181 2144 remiga-

103 2202 118 2235 ι
150 2176 276 2245 tionem
291 2177 378 2247 irata
393 2177 593 2259 mitescunt,
615 2175 661 2247 ad
683 2185 776 2246 tuam
797 2196 884 2245 vero
900 2175 1180 2270 repatriationem

102 2326 116 2360 r
145 2309 266 2368 contra
288 2298 426 2368 solitum
446 2300 691 2369 intumescunt.
716 2298 784 2370 Sed
806 2300 923 2384 forsan
944 2299 988 2370 de
1015 2299 1070 2369 bis
1092 2321 1181 2392 quos

101 2447 115 2482 ιι
146 2421 261 2511 peperi
290 2421 357 2489 tuis
382 2432 436 2490 est
466 2418 611 2490 auribus
638 2419 853 2490 intimatum:
882 2419 1028 2488 Audaces
1052 2432 1183 2489 suntet

103 2568 118 2602 ι
149 2539 291 2628 duplices
323 2541 451 2621 animo,
485 2539 656 2608 menduces
688 2552 766 2609 sunl
797 2553 828 2609 et
860 2543 1035 2611 variabiles
1076 2541 1180 2611 eorde.

104 2690 119 2724 ιι
148 2661 241 2752 Fupe
260 2663 539 2730 enumerationes
551 2662 789 2744 Romanorum,
812 2665 974 2731 versutius
997 2664 1180 2747 Tuscorum,

101 2812 115 2847 ι
146 2785 337 2853 insolentias
362 2781 629 2854 lombardo-rum.
663 2781 714 2853 Ad
744 2795 873 2872 pentem
902 2786 1045 2874 quietum
1073 2808 1183 2878 repre-

102 2934 117 2969 ι
145 2904 234 2984 dere,
259 2909 421 2998 populum
440 2908 620 3001 simplicem
641 2917 672 2975 et
695 2904 848 2976 deuotum
879 2909 916 2976 in
954 2931 1015 3000 quo
1044 2906 1184 2979 delecta·

102 3057 117 3091 ιι
147 3030 371 3099 buturonime
397 3040 467 3115 true,
490 3033 526 3100 in
552 3032 683 3122 pascuis
704 3030 871 3114 uberibus,
906 3032 942 3100 iu
971 3028 1182 3100 multitudiue

103 3177 118 3212 ι
143 3153 384 3241 pernicialem
401 3175 468 3244 ego
490 3152 586 3223 ltalia
608 3154 717 3224 malos
739 3153 918 3247 peperisse
940 3154 1181 3246 quamplures

102 3298 118 3333 ι
147 3272 210 3343 sed
231 3273 260 3341 si
283 3273 490 3348 infirmiores
521 3283 603 3344 sunt
634 3274 788 3356 caeteris,
816 3275 942 3366 rogito,
973 3274 1055 3344 mibi
1077 3295 1182 3345 serva

102 3423 117 3458 ιι
145 3394 240 3491 quod
261 3395 295 3463 in
316 3396 529 3468 Ecclesiaste
556 3418 651 3490 saepe
677 3397 816 3488 legisti:
848 3395 933 3489 quod
959 3397 1108 3489 perierat
1128 3416 1182 3464 re·

10 3531 14 3552 ³
102 3547 117 3582 ιι
146 3522 292 3609 quirem,
314 3519 399 3608 qumi
417 3521 577 3589 obiectum
598 3519 763 3602 reducam,
779 3517 865 3609 quod
885 3521 1091 3607 confractum
1108 3521 1182 3608 sue-

102 3671 118 3706 ιι
145 3653 198 3711 rut
218 3642 368 3729 ollipolto.
392 3641 500 3712 Aliter
521 3642 550 3711 si
572 3641 616 3713 ad
636 3641 881 3735 compatriotas
905 3651 999 3722 tuoS,
1023 3648 1063 3709 ut
1079 3639 1181 3711 adse·

104 3794 118 3828 ι
147 3766 242 3846 rilur,
271 3763 422 3856 probOS,
450 3766 597 3857 quietos,
634 3766 808 3857 simplices
829 3774 864 3834 et
885 3765 1033 3836 devotos
1067 3762 1180 3834 redire

102 3916 121 3954 ιι
147 3889 311 3971 delectet,
337 3887 480 3980 quando
504 3886 664 3958 servabis
685 3886 779 3980 quod
806 3886 880 3959 dixi
907 3886 969 3957 tibi
995 3887 1177 3979 Magistro:

103 4041 118 4075 ι
148 4033 216 4084 uon
255 4023 302 4082 cst
341 4034 420 4105 opus
446 4011 710 4081 benevolentibus
734 4009 881 4080 medico?
902 4011 1090 4082 lmmorara
1114 4009 1180 4101 igi·

103 4160 118 4195 r
148 4142 205 4204 tur
230 4156 381 4219 mecum,
415 4133 618 4206 beatissime
646 4134 802 4213 Petrum,
837 4143 876 4202 nt
903 4132 1085 4225 utriusque
1117 4151 1176 4200 na-
