2670 4688
313 299 404 348 maau
426 298 961 356 vroasruusouanrus-amsrona
985 301 1035 349 vu.
1136 286 1195 346 tlt

122 445 258 524 borum3
280 443 408 535 quibus
428 444 616 537 exemplis,
632 448 791 536 quamvis
812 468 913 518 nemo
928 447 985 516 tibi
1006 470 1067 539 par
1086 449 1201 528 fuerit,

123 578 238 637 tamen
257 577 445 657 utcumque
466 575 594 637 sortem
613 577 708 637 tuam
727 568 961 659 aeqnauimius
976 571 1065 639 ferre
1077 569 1202 649 debes,

122 711 170 759 ex
190 710 257 780 qua
280 708 371 757 nuno
390 686 525 778 aliquos
551 710 735 759 numerare
761 688 926 770 delectat,
953 690 1114 780 quoniam
1136 695 1204 762 cla-

124 831 239 880 rorum
259 811 438 879 nominum
456 811 513 878 vel
530 811 604 879 sola
617 812 899 883 commemoratio
912 809 1025 880 duleis
1038 822 1103 881 est.
1119 814 1205 883 Sunt

129 931 448 1021 igiturhi21llarcus
469 929 555 1000 Cato
575 931 777 1015 Censorius,
797 930 939 1002 Publius
959 932 1117 1023 Nigidius
1135 932 1206 1003 An-

126 1056 242 1124 tonius
274 1053 426 1146 Gnipho,
454 1053 561 1123 Iulius
588 1053 762 1146 Hygiam,
790 1053 912 1124 Ateius
937 1053 1073 1148 Capite,
1100 1055 1206 1127 Caius

126 1177 270 1258 Bassus,
303 1175 464 1246 Veratius
497 1173 719 1256 Pontificalis,
755 1175 967 1246 Octavianus
1002 1179 1203 1260 Herennius,
1302 1183 1304 1187 ’

127 1295 306 1366 Cornelius
323 1294 469 1376 Balbus,
489 1293 660 1365 Masurius
682 1294 850 1379 Sabinus,
869 1297 1012 1366 Servius
1029 1298 1205 1390 Sulpitius¹

126 1419 282 1488 Cloaeius
303 1419 429 1501 Verus,
448 1419 552 1490 Caius
574 1418 731 1501 Flaccus,
754 1418 939 1510 Pompeius
965 1420 1101 1504 Festus
1125 1420 1208 1491 Cas-

128 1539 204 1609 sius
218 1540 377 1622 Hemina,
391 1540 520 1613 Fabius
541 1542 667 1622 Pictor,
688 1540 818 1610 Statius
832 1540 1025 1623 Tullianus,
1041 1542 1208 1634 multique

126 1660 183 1729 alli
203 1680 293 1751 quos
315 1681 520 1731 enumerare
545 1663 687 1751 longum
713 1669 779 1740 est,
807 1661 888 1730 olim
914 1662 997 1731 clari
1024 1661 1090 1732 viri
1117 1685 1208 1733 nunc

126 1782 214 1853 cinis
234 1781 434 1871 ambiguus3
453 1792 489 1853 et
508 1791 635 1875 praeter
655 1783 785 1874 primos
806 1779 895 1851 duos
914 1784 976 1851 vix
996 1784 1135 1874 cognita
1148 1805 1209 1853 no-

130 1904 238 1986 mina,
258 1924 347 1994 quos
364 1924 485 1973 omnes
504 1906 591 1973 meis
609 1902 728 1974 verbis
747 1916 806 1972 tuo
823 1924 884 1973 ore
904 1904 1071 1974 salutatos
1094 1904 1207 1973 velim.

130 2025 253 2095 lulium
278 2036 313 2096 et
337 2024 535 2116 Augustum
562 2029 725 2097 Caesares
750 2038 786 2095 et
811 2025 943 2116 aliquot
968 2025 1053 2095 alios
1079 2047 1126 2095 ex
1151 2026 1209 2095 illo

128 2147 250 2218 ordine
282 2168 494 2240 quamquam
528 2148 806 2220 studiosissimos
837 2157 941 2239 atque
972 2146 1207 2227 doctissimos,

130 2277 233 2360 teque
260 2270 436 2340 nonnuliis
459 2271 580 2340 horum
603 2269 909 2340 familiarissimum
932 2270 1050 2353 sciam,
1073 2269 1209 2362 aequius

84 2396 87 2403 '
130 2404 245 2459 tamen
257 2391 375 2470 fuerit,
395 2391 524 2458 uostris
542 2391 809 2480 imperatoribus
827 2391 1029 2462 salutandos
1045 2393 1208 2482 linquere,

132 2508 162 2574 si
185 2519 299 2575 tamen
319 2509 381 2577 hos
400 2530 468 2576 uon
486 2508 622 2577 illorum
641 2507 760 2598 pudet,
781 2531 929 2599 quornm
950 2510 1066 2580 studio
1083 2532 1124 2580 ao
1142 2513 1210 2580 vlr-

134 2637 206 2696 tute
221 2626 401 2698 tundalum
416 2627 597 2720 imperium
619 2639 831 2699 everterunt.
851 2631 1030 2700 AEternum
1049 2633 1136 2713 vale,
1158 2631 1211 2701 vir·

132 2748 334 2819 clarissime.
362 2749 466 2842 Apud
493 2771 639 2841 superos
666 2752 698 2819 in
724 2750 839 2842 eapite
863 2749 958 2821 orbis
984 2750 1107 2833 Roma,
1131 2771 1211 2843 quae

133 2884 190 2941 tua
223 2870 299 2953 luit,
336 2874 412 2944 mea
442 2872 552 2965 patria
585 2874 675 2944 lacta
707 2885 771 2944 est.
806 2872 970 2945 Kalendis
1003 2871 1211 2944 Novembris

132 3014 223 3069 anuo
242 2992 288 3063 ab
307 3004 385 3066 ortu
406 2995 493 3077 eius,
516 3017 622 3087 quem
644 2995 775 3067 utinam
799 2997 971 3078 novisses,
995 2995 1148 3068 MCCCL.

550 3300 728 3364 epistota
750 3302 805 3364 Vll.
884 3322 896 3334 ·

296 3461 488 3509 faauulsut's
510 3463 678 3513 paralitica
700 3464 903 3522 Qumrltlalto
925 3465 951 3512 S.
975 3465 1002 3511 P.
1026 3465 1054 3511 D.

135 3593 174 3647 De
187 3593 262 3646 illius
277 3592 496 3647 institutionibus
509 3595 636 3648 oratoriis
651 3611 721 3666 quas
735 3594 812 3650 libris
827 3595 973 3650 rhetoricis
983 3595 1019 3648 Μ.
1031 3595 1062 3648 Τ.
1075 3594 1214 3650 Ciceronis

223 3687 253 3735 ut
268 3681 404 3735 sermonis
418 3679 554 3751 elegantia
569 3683 720 3753 sequiores,
736 3681 775 3737 sic
790 3682 923 3738 doctrinae
938 3682 1078 3753 diligentia
1093 3683 1214 3753 potiores

223 3770 365 3825 habendos
381 3770 509 3825 affirmat.

234 3964 321 4032 Olim
345 3974 440 4033 tuum
459 3982 584 4033 nomen
603 3961 782 4032 audieram
792 3973 853 4046 aot
872 3960 917 4033 de
940 3970 997 4032 tuo
1018 3962 1148 4054 aliquid
1166 3966 1214 4033 le-

139 4108 267 4175 geram,
291 4099 324 4156 ot
346 4084 496 4158 mirabar
520 4083 610 4157 unde
632 4082 692 4154 tibi
711 4104 835 4156 nomeu
857 4085 1035 4156 acuminis.
1059 4085 1143 4156 Sero
1165 4085 1215 4154 in-
