2670 4688
378 287 470 334 niuea
491 284 882 334 t'tcllslllUS.-ltl‘lsl'ut.t
904 285 944 332 xl.
975 357 979 365 .
1156 272 1193 331 :u

114 421 212 492 aliter
236 420 407 513 quamde
434 422 574 514 propria
594 431 711 491 certus
739 441 828 491 suna.
851 419 957 491 Multa
982 421 1066 490 milri
1091 420 1135 491 de
1163 430 1195 490 tc

115 545 305 615 litterarum
328 544 481 636 ipsarum
497 542 717 613 'sententiosa
736 540 907 626 brevitas,
930 544 1037 613 multa
1054 564 1195 636 quoquc

113 678 233 737 noster
253 665 310 737 hic
336 667 456 737 Cicero
480 665 724 756 Pergamensis
751 662 926 758 Arpinatis
952 665 1042 736 illius
1068 665 1193 736 hostis

115 789 183 860 Sed
209 789 254 860 ad
275 786 557 883 persuadendum
584 784 668 855 mihi
689 786 734 856 dc
761 796 794 854 te
815 806 919 856 nemo
938 807 1007 857 non
1028 788 1114 858 satis
1138 798 1193 860 cst

115 914 304 1004 eloquens:
328 913 445 981 nullus
461 920 577 981 autern
598 912 698 1002 plura
718 930 824 1001 quarn
842 909 980 979 animus
1001 909 1077 1003 ipse
1095 931 1195 981 meus

114 1034 149 1102 in
172 1033 318 1105 silentio.
341 1032 450 1126 Cupio
470 1043 503 1102 te
525 1032 662 1117 vidore,
683 1032 778 1124 quod
798 1035 865 1104 etsi
886 1042 1019 1104 taceam
1040 1035 1140 1116 nosti,
1160 1044 1196 1104 ct

115 1158 194 1228 licet
218 1157 376 1249 patribus
396 1155 603 1248 conscriptis
629 1157 722 1228 nulla
746 1177 893 1247 prorsus
919 1156 1028 1228 nostri
1053 1157 1193 1229 divortii

115 1301 200 1349 cura
221 1280 282 1362 sit,
305 1280 373 1350 illis
388 1287 502 1352 umen
521 1278 648 1362 invitis,
668 1287 702 1348 tc
723 1277 828 1350 video
849 1279 1049 1351 melioribus
1070 1280 1193 1352 oculis:

116 1400 197 1472 illos
216 1422 303 1472 vero
320 1401 399 1473 licet
415 1400 572 1473 absentia
591 1421 667 1471 mea
684 1400 908 1486 delectentur,
926 1424 997 1494 qua
1015 1401 1049 1472 in
1069 1424 1106 1473 re
1127 1424 1194 1477 una

117 1544 253 1595 mecum
275 1524 442 1606 sentiunt,
467 1524 544 1594 illos
565 1523 706 1615 inquam
731 1525 788 1594 vel
814 1523 942 1595 invitos
964 1524 1077 1596 video.
1106 1525 1195 1608 Quid

115 1645 213 1716 dixi?
233 1647 340 1730 Quasi
362 1647 410 1718 nil
431 1647 580 1739 amplius
602 1668 708 1738 quam
729 1649 904 1718 communi
924 1667 1022 1719 more
1046 1648 1123 1719 illos
1144 1649 1197 1717 vi-

115 1769 240 1841 deam?
261 1770 464 1862 introspicio
484 1768 656 1860 eguinos,
680 1767 891 1862 ubicumque
917 1771 996 1854 sim,
1021 1780 1057 1841 et
1083 1771 1196 1864 lippus

116 1894 160 1963 ad
179 1892 327 1984 reliqua,
348 1893 471 1964 mirum
487 1901 526 1963 ut
543 1892 609 1964 hac
630 1893 664 1960 in
685 1901 783 1983 parte
804 1912 881 1962 surn
904 1894 1062 1986 lynceus.
1085 1890 1196 1963 Video

115 2016 250 2086 animos
274 2015 488 2108 affectusque
514 2014 666 2100 abditos,
694 2024 731 2087 ot
753 2014 847 2108 quod
873 2017 961 2087 torte
988 2037 1056 2089 non
1082 2015 1197 2108 suspi-

114 2147 251 2222 cantur,
283 2137 491 2231 cogitatibus
524 2139 704 2211 intersum.
731 2139 841 2211 Actus
875 2139 967 2211 enirn
1002 2160 1070 2212 non
1103 2159 1196 2210 unus

113 2283 189 2353 ego,
218 2263 280 2335 sed
305 2273 398 2334 totus
434 2271 603 2333 terrarum
638 2262 748 2344 orbis,
775 2262 856 2335 licet
888 2262 1059 2334 hactenus
1092 2261 1198 2334 dissi·
1237 2306 1242 2312 -

114 2387 236 2465 mulet‚
258 2364 383 2472 ⁴magis
422 2403 463 2452 ac
499 2381 612 2472 magis
652 2382 687 2452 in
727 2382 803 2452 dies
841 2384 957 2456 videt:
985 2405 1084 2476 quos,
1113 2384 1195 2455 milri

116 2501 230 2580 crede,
249 2520 328 2567 cum
349 2502 449 2589 plene
468 2500 597 2570 viderit
616 2523 686 2572 non
712 2504 809 2573 leret.
831 2505 964 2574 Vellem
991 2509 1091 2599 plura
1112 2505 1193 2575 scri·

116 2619 201 2689 bere
221 2640 301 2689 cum
326 2621 388 2688 vix
413 2619 478 2688 ista
497 2620 678 2709 potuerim.
705 2621 831 2692 Nescio
856 2625 948 2694 enim
976 2624 1067 2696 unde
1093 2624 1198 2695 hodie

117 2751 244 2835 praeter
265 2742 404 2813 solitum
427 2742 472 2813 ad
491 2742 661 2812 calamum
681 2744 795 2816 lentus
815 2756 849 2817 et
868 2754 950 2816 ante
967 2746 1072 2817 etiam
1093 2768 1195 2838 qnam

116 2864 302 2957 inciperem
328 2868 445 2937 lessus
478 2865 623 2936 accessi.
657 2865 755 2950 Vale,
783 2867 838 2938 vir
863 2868 1067 2954 clarissime,
1089 2868 1196 2941 nostri

116 3009 257 3059 mernor.

257 3124 417 3204 Mediolani,
433 3134 479 3190 Vl.
498 3134 558 3191 Kal.
576 3135 649 3191 Maii.
