2670 4688
268 278 360 327 nunna
382 276 546 327 vrcssruus
569 276 738 327 strennuus.
752 278 958 329 -nrrsrcnu
980 279 1020 328 vr.
1122 266 1179 328 137

106 419 333 492 ululantium
355 439 430 492 mes
451 430 517 500 est,
541 417 604 489 sed
625 420 764 510 longam
783 420 871 492 adeo
891 433 930 492 ut
950 428 1108 493 coactum
1129 417 1184 490 di-

104 565 203 614 ceres
224 542 334 614 abire:
357 541 402 614 ad
422 563 595 612 summum
617 539 697 611 lecit
722 542 834 613 locum
856 563 959 635 quern
982 551 1107 615 cuncta
1127 563 1184 612 re-

104 665 221 736 visent
233 666 372 746 saecula,
384 686 489 756 quem
503 685 573 733 non
588 663 765 735 Romanus
778 662 882 736 mode
893 667 950 737 vel
964 667 1183 737 Florentinus

105 788 252 882 hospes,
276 786 338 858 sed
355 786 494 857 virtutis
515 786 650 858 amicus
670 784 821 878 quisque
836 785 904 858 erit
923 786 988 857 hac
1009 787 1182 860 transiens

104 911 235 982 adoret.
258 910 302 979 Et
321 907 406 1000 quid
425 906 560 979 dicam‘l
580 908 698 979 Totam
721 908 812 980 hanc
832 911 962 1000 regiam
984 909 1106 982 urbem
1120 931 1184 983 suo

105 1029 294 1102 laetificavit
313 1031 481 1113 adventu,
504 1038 540 1101 et
559 1033 671 1102 fronte
698 1030 833 1103 siderea
860 1031 1037 1103 serenavit
1058 1031 1183 1104 mirum

106 1153 142 1222 in
159 1151 315 1238 modum,
330 1163 366 1224 et
377 1151 528 1224 dominis
542 1161 663 1245 gratus
676 1163 712 1224 et
728 1154 867 1247 populo,
882 1149 967 1225 mihi
981 1175 1184 1247 veroquam

106 1274 309 1367 plurimum,
331 1270 425 1365 quod
446 1272 513 1344 iam
533 1273 746 1367 impossihile
763 1276 854 1346 factu
869 1273 985 1359 rebar,
1008 1276 1185 1368 antiquam

105 1395 199 1466 illam
221 1395 285 1466 sibi
308 1396 440 1490 pridem
458 1393 530 1465 dati
549 1394 654 1465 animi
672 1394 965 1499 benevolentiam,
984 1397 1184 1483 cumulavit,

103 1517 287 1609 effecitque
303 1516 386 1587 illud
400 1517 489 1588 inter
506 1520 670 1590 mortales
684 1517 852 1590 eximium
871 1541 912 1590 ac
924 1542 1056 1605 rarum,
1071 1529 1110 1590 ut
1125 1519 1185 1592 diu

103 1640 232 1732 cogniti
247 1639 308 1712 sed
321 1663 499 1734 nunquam
514 1641 582 1712 visi
596 1641 765 1712 haetenus
777 1644 902 1714 lamam
917 1641 985 1714 viri
997 1664 1067 1713 non
1081 1643 1185 1715 modo

104 1786 172 1835 non
194 1763 367 1834 minueret
378 1763 566 1857 praesentia
579 1763 643 1836 sed
660 1773 817 1855 augeret,
832 1763 927 1858 quod
940 1766 1011 1835 sere
1027 1763 1071 1835 de
1091 1766 1186 1837 nullo

104 1906 258 1977 unquam
280 1885 371 1971 vidi,
389 1886 434 1958 de
455 1887 577 1980 paucis
602 1885 681 1979 legi.
705 1886 756 1957 Tu
782 1887 841 1957 tali
867 1886 977 1959 amico
997 1889 1081 1958 felix
1102 1888 1186 1959 vive

104 2016 140 2078 et
156 2009 235 2081 vale
255 2011 364 2083 nostri
388 2031 530 2082 memor.

248 2151 490 2237 Mediolanislllll
505 2168 646 2226 Kalendas
661 2169 842 2244 Septembris.

608 2393 686 2404 -η-

522 2573 701 2637 epistole
722 2576 779 2638 Vll.

221 2741 415 2794 rusuclscus
432 2740 601 2791 cernercs
623 2740 844 2792 ADOLESCENTI
864 2741 925 2791 SUO
947 2741 974 2791 S.
995 2743 1023 2792 P.
1045 2742 1076 2792 Ι).

115 2901 240 2958 Graviter
254 2918 319 2958 eum
335 2900 472 2971 obiurgat,
487 2914 572 2972 quem
586 2897 669 2955 domu
684 2900 740 2954 iem
754 2898 883 2969 eiecerat,
900 2906 928 2956 et
941 2898 1045 2957 frustra
1059 2900 1180 2956 reditum

378 2990 565 3061 postulantem
580 2988 707 3043 hortatur
721 2992 752 3045 ut
766 2987 919 3060 resipiscat.

204 3236 349 3308 Possem
369 3258 437 3330 ego
459 3244 493 3309 te
509 3258 640 3321 amare,
664 3237 694 3309 si
715 3258 833 3310 amare
856 3246 893 3308 tu
915 3239 1084 3331 teipsum
1106 3257 1189 3329 pos-

106 3377 175 3440 ses
189 3355 219 3428 si
232 3358 288 3428 vel
310 3378 379 3429 non
398 3358 547 3431 odisses.
565 3358 610 3429 llt
624 3359 704 3451 quis
721 3369 789 3444 est,
808 3357 960 3452 inquies,
974 3348 1035 3451 ¹qm
1049 3378 1088 3428 se
1105 3357 1189 3428 ode-

105 3481 172 3553 rit‘l
192 3479 278 3564 Quis
298 3478 440 3550 omnino
459 3479 602 3572 quinon
619 3502 724 3573 quam
741 3480 896 3554 maxime
917 3502 956 3551 se
977 3481 1094 3551 amet?
1111 3478 1188 3550 Scio

106 3603 158 3674 sic
179 3621 387 3697 persuasum
412 3600 563 3695 publice,
590 3625 656 3675 nec
680 3601 763 3674 mihi
788 3623 863 3673 vox
887 3601 1000 3684 Pauli,
1021 3621 1087 3671 nec
1108 3620 1189 3671 sen·

106 3725 213 3799 tentia
240 3723 416 3796 Ciceronis
441 3723 560 3816 ignota
584 3737 648 3797 est.
674 3727 811 3818 Negare
836 3723 974 3796 difficile
999 3733 1069 3807 est,
1096 3723 1189 3795 hunc

106 3851 277 3921 malorum
297 3868 406 3942 prope
425 3847 580 3919 omnium
600 3849 729 3920 iontem
750 3869 832 3921 esse
848 3848 943 3939 quod
959 3847 1103 3918 nimium
1124 3867 1190 3918 nos

107 3990 277 4043 amamus.
299 3970 431 4062 Nempe
456 3969 537 4040 hinc
561 3972 671 4053 furta,
687 3969 779 4040 ‘hinc
804 3967 973 4041 adulteria
1000 3967 1189 4064 prodeunt,

108 4090 189 4165 lrinc
208 4092 342 4188 rapinae
359 4104 395 4165 et
415 4114 496 4186 qum
509 4101 591 4165 sunt
603 4091 745 4184 generis
764 4091 939 4178 eiusdem,
958 4090 1002 4165 ad
1022 4112 1103 4185 quae
1124 4107 1189 4161 nos
