2670 4688
259 311 351 359 [ABER
373 311 537 360 vtousnmts
558 310 730 362 SECUNDUS.
743 335 781 344 -
794 315 947 365 erlsrouu
969 318 1031 365 xlv.
1129 305 1184 367 ΠἸ

108 455 257 527 hostiurn
278 456 417 549 praedos
438 466 561 546 agunt,
589 462 754 549 fugaque
779 463 928 554 amplios
948 486 1052 555 quam
1077 466 1188 536 virtu-

109 582 144 659 ti,
166 578 387 669 stimulisque
412 598 516 672 quam
537 579 662 669 gladiis
687 579 820 651 lidunt:
844 585 966 653 lalluut
987 574 1186 677 expeditius

109 721 210 789 quarn
239 709 415 791 pugnant,
449 701 650 791 saepiusque
680 701 781 773 lidem
804 723 902 772 suam
925 704 1057 776 violant
1080 729 1185 799 quam

108 821 234 891 feriunt
267 822 414 892 hostem.
441 822 564 891 Nullus
589 821 681 891 enim
708 823 801 892 domi
828 823 969 915 punitor
1001 828 1185 914 scelerum,

107 945 295 1034 castigator
322 943 472 1033 ignaviae
498 944 665 1014 Senatus:
688 945 803 1015 nullus
830 945 864 1015 in
891 948 1022 1018 castris¹
1041 947 1185 1032 Fabiae,

108 1067 225 1135 nullus
251 1066 453 1147 Africanus,
481 1064 596 1136 nullus
625 1066 782 1136 AEmilius
810 1068 955 1150 Paulus,
978 1071 1095 1141 nullus
1115 1073 1190 1143 llla-

109 1210 201 1278 gnus
238 1190 439 1280 Pompeios,
480 1192 595 1260 nullus
630 1190 737 1260 lolius
771 1190 906 1276 Caesar,
940 1194 1057 1264 nullus
1089 1194 1189 1265 deni-

108 1332 178 1402 que
203 1311 309 1402 Niger
333 1323 393 1381 aut
422 1312 581 1396 Cassius,
609 1311 673 1381 sed
701 1311 760 1403 qui
788 1289 890 1382 omne
917 1313 1070 1385 dedecus
1101 1316 1190 1385 mili-

110 1433 166 1503 tiae
199 1433 274 1502 sois
303 1434 475 1525 exemplis
509 1435 648 1503 foveant
675 1445 711 1504 et
741 1443 924 1503 excusent.
951 1435 1049 1507 Unde
1081 1433 1120 1507 lit
1149 1447 1189 1508 ut

108 1557 274 1649 impunita
295 1553 409 1625 omnia
429 1566 465 1625 et
486 1554 597 1647 poenis
619 1555 750 1626 meritis
772 1557 851 1648 plus
871 1577 939 1626 non
961 1559 1065 1628 modo
1082 1558 1189 1630 licen-

109 1678 166 1748 tiae
188 1679 251 1750 sed
272 1678 407 1772 praemii
421 1678 476 1748 sit.
492 1678 691 1748 Innocentio
705 1678 832 1770 probro
847 1677 960 1763 delur,
977 1678 1189 1752 abstinentia

108 1802 265 1894 pavoris,
289 1800 377 1872 fides
400 1800 567 1884 stultitiae,
591 1802 687 1871 lrans
713 1823 799 1872 vero
826 1803 1020 1895 prudentiae
1045 1813 1081 1873 et
1108 1803 1188 1875 boni

109 1924 236 2014 ingenii
253 1945 379 1994 nomen
394 1923 509 1994 habet.
528 1924 701 1995 Modestia
715 1921 869 1994 sordium
885 1924 980 1994 subit
997 1925 1186 2009 infamiam,

108 2047 266 2116 avaritiae
287 2048 484 2138 frugalitas,
507 2047 671 2140 pudicitia
689 2046 850 2128 feritatis,
878 2048 1069 2138 pluresque
1097 2070 1191 2119 nuuc

108 2169 227 2240 hostes
249 2169 361 2239 virtus
388 2168 521 2239 invenit
546 2191 651 2262 quam
678 2171 758 2241 olim
787 2168 943 2263 perfidia.
973 2171 1094 2261 ltaque
1118 2190 1189 2241 non

109 2292 315 2362 inhonorata
337 2304 468 2374 tantum
491 2293 553 2363 sed
574 2293 635 2362 vix
660 2304 731 2364 tuta
752 2304 823 2377 est,
846 2294 933 2365 etsi
957 2296 1046 2364 forte
1071 2293 1189 2365 odium

108 2414 275 2493 evaserit,
298 2413 333 2480 in
355 2423 593 2504 contemptum
611 2414 740 2484 incidit.
757 2416 811 2486 Sic
838 2416 1009 2486 bonorum
1027 2418 1191 2510 princeps

109 2530 364 2602 honorabilium
386 2533 441 2599 vel
463 2533 669 2623 opprimitur
689 2536 745 2602 vel
768 2535 909 2604 ridetur.
931 2534 1112 2618 Quomodo
1129 2556 1192 2604 au-

111 2667 180 2726 tem
203 2652 239 2721 hi
260 2654 369 2722 nostri
391 2651 500 2722 duces
522 2653 612 2723 hanc
625 2652 790 2736 militiam,
807 2655 870 2723 nisi
894 2675 942 2736 se,
967 2664 1104 2746 regant,
1133 2667 1194 2725 aut

109 2801 179 2870 qua
196 2779 307 2847 fronte
328 2776 417 2846 alios
435 2776 612 2867 corrigant
636 2774 764 2869 quibus
792 2778 943 2846 maxime
969 2777 1193 2849 necessarius

110 2912 165 2972 est
180 2903 376 2971 corrector?
397 2898 479 2969 ldeo
500 2897 566 2969 hoc
587 2897 709 2991 recipit.
730 2911 853 2969 natura
875 2910 912 2970 ut
928 2899 987 2971 det
1004 2899 1192 2992 quisquam

109 3024 204 3115 quod
231 3024 348 3107 habet,
377 3044 493 3112 acque,
516 3032 555 3092 ut
589 3022 637 3092 ait
672 3020 807 3104 Cicero,
831 3033 938 3114 potest
959 3023 1192 3093 emeroitomis

110 3149 276 3215 continere
303 3149 481 3237 imperator
514 3147 573 3236 qui
594 3167 629 3212 se
658 3144 765 3236 ipsium
799 3166 866 3213 non
900 3145 1056 3227 continet,
1090 3164 1194 3234 neque

109 3285 242 3336 seueros
262 3288 328 3336 esse
362 3270 398 3336 in
432 3264 609 3335 iudicando
638 3268 696 3354 qui
727 3266 808 3334 ulios
840 3268 877 3334 in
908 3288 947 3350 se,
972 3286 1101 3333 seueros
1127 3283 1193 3335 esse

110 3387 232 3458 radices
261 3409 329 3456 non
359 3391 441 3456 vult.
475 3388 589 3458 Nostri
623 3407 718 3477 ergo¹
742 3387 891 3457 ducibus
925 3386 1033 3458 ebriis
1067 3384 1192 3456 milites

110 3508 288 3580 temulenti
309 3516 392 3601 post
410 3510 587 3600 crapulam
609 3507 694 3600 quid
716 3518 838 3598 agant,
860 3506 928 3578 nisi
948 3507 1043 3599 quod
1069 3524 1195 3575 conse-

109 3654 222 3726 quens
242 3634 317 3701 est‘.l
338 3640 500 3712 stertunt,
525 3619 651 3700 sudant
672 3652 740 3699 non
761 3628 896 3700 virilem
919 3627 1096 3708 sudorem,
1129 3625 1194 3696 sed

110 3755 280 3838 febrilem,
303 3773 417 3843 neque
438 3751 631 3820 militariter
651 3751 713 3821 sed
735 3750 949 3820 muliebriter
976 3748 1038 3818 sed
1065 3745 1193 3818 scurri-

111 3878 185 3948 liter
207 3878 273 3947 sub
294 3874 452 3946 tentoriis
473 3883 713 3955 senescentes
737 3871 823 3942 iocis
845 3871 997 3953 student,
1019 3867 1192 3941 coenisin·

109 4002 218 4086 lriant,
241 3996 565 4079 incommutatae,
591 3991 794 4064 libidinibus
814 4015 853 4063 se
871 3993 1192 4086 immergunt,mu·

108 4123 397 4212 liarcularumquc
413 4118 605 4190 sarcinulas
635 4083 777 4188 suaruni
797 4117 888 4188 loedo
906 4115 1042 4207 agmine
1060 4133 1133 4206 pree
1152 4131 1191 4180 sc

235 4255 269 4292 nr.
1006 4236 1032 4285 lt
