2670 4688
495 310 647 361 urrsrour
669 311 731 359 nur.
1071 291 1128 354 lll

60 456 176 537 abire;
199 453 285 525 satis
306 461 376 537 est,
398 452 482 523 nibil
504 451 650 523 ulterius
670 450 825 544 poscitur
843 472 886 522 ne
904 450 939 520 in
959 449 1131 522 latronum

59 598 184 649 manus
216 575 393 660 inciderit,
429 575 493 646 sed
525 574 714 647 bominum.
741 573 794 645 Nil
824 554 905 645 inde
932 572 1033 644 vobis
1059 595 1132 645 me·

59 701 226 773 tuendum
246 711 322 771 est:
347 706 417 770 tam
439 697 580 771 munitis
598 696 761 769 habitatis
778 696 918 769 arcibus
937 705 975 767 ut
991 696 1131 790 impune

57 832 92 894 et
126 824 251 895 coelum
284 832 319 893 et
355 821 565 894 Florentiam
602 821 842 893 contemnatis.
876 819 1131 890 Homnnculum

59 946 171 1017 solum
197 948 329 1016 fessum
355 955 390 1016 et
414 944 598 1016 attonitum
626 942 754 1014 timetis
780 941 951 1014 habentes
976 947 1130 1032 recepta-

59 1069 136 1138 cula
169 1075 237 1137 tam
271 1066 383 1138 vicina
415 1077 485 1137 tam
518 1064 656 1137 valida‘l
692 1065 804 1137 Nolite
835 1064 941 1156 igitur
973 1060 1132 1135 avaritiae

59 1191 231 1263 saevitiam
264 1191 452 1262 cumulare.
479 1188 655 1283 Quidquid
683 1187 880 1283 populabile
911 1209 1015 1258 manu
1044 1196 1129 1270 erat,

57 1316 220 1409 quodque
241 1314 276 1384 in
298 1324 436 1385 vestros
458 1333 546 1385 usus
567 1313 655 1386 vorti
676 1324 813 1408 poterat
832 1313 1039 1385 abstulistis:
1059 1313 1132 1385 ani-

59 1457 151 1505 mam
178 1433 244 1505 sibi
273 1444 308 1505 et
336 1433 457 1505 amicis
486 1445 520 1505 et
549 1432 651 1504 vobis
676 1436 763 1506 nulli
788 1436 867 1506 usui
892 1435 1044 1506 iuturam
1069 1436 1133 1503 lin-

57 1558 162 1651 quite.
195 1555 288 1641 Quid
315 1565 451 1628 torvum
479 1557 686 1627 intuemini?
718 1556 809 1640 Quid
841 1556 1023 1647 cogitatis?
1043 1553 1132 1640 Quid

56 1679 244 1751 molimini?
275 1681 362 1764 Quae
381 1681 449 1751 ista
479 1678 594 1753 rabies
614 1683 693 1751 est‘l
713 1680 803 1765 Quid
823 1680 991 1752 micantes
1012 1682 1133 1752 volunt

57 1800 183 1893 gladii?
202 1803 293 1886 Quid
314 1806 458 1894 petunt?
478 1804 549 1874 Oh!
573 1805 733 1898 voluptas
760 1803 887 1875 effera:
913 1804 1007 1874 nullo
1033 1803 1130 1889 odio,

56 1924 149 1995 nulla
169 1946 232 2016 spe
252 1925 429 2017 proposita
445 1937 480 1997 et
497 1928 591 1998 nullo
609 1933 713 2007 metu,
734 1935 992 1998 sacrosanctum
1010 1935 1046 1995 et
1064 1927 1133 1997 Deo

57 2047 266 2120 simillimum
298 2048 424 2120 animal
450 2047 624 2121 hominem
652 2046 844 2132 trucidare,
872 2050 963 2119 serre
994 2044 1132 2119 rabidas

57 2190 180 2241 manus
201 2169 405 2255 inviscera,
427 2183 463 2244 et
482 2170 578 2265 quod
606 2193 650 2243 ne
681 2192 867 2265 generosae
887 2169 1028 2265 quidem
1050 2170 1132 2239 lerae

53 2291 221 2377 lacerent,
260 2294 409 2365 lacerato
448 2292 611 2365 cadaveri
650 2293 850 2366 incumbere
885 2303 921 2365 et
957 2291 1132 2386 spumanti

56 2417 226 2505 sanguine
245 2414 418 2485 delectari.
442 2415 553 2485 Pudet
578 2438 618 2487 ac
644 2416 798 2497 miseret,
827 2437 848 2485 o
875 2416 1059 2487 clarissimi
1085 2414 1134 2485 oi-

56 2557 137 2620 ves,
160 2557 224 2607 nec
243 2535 288 2607 de
307 2558 417 2629 parvo
442 2537 561 2610 dolore
587 2539 780 2609 scaturiunt
806 2546 857 2608 tot
882 2540 1045 2616 lamenta,
1074 2559 1133 2607 ne-

57 2680 126 2752 que
147 2658 258 2750 magis
278 2660 358 2730 talis
375 2659 477 2732 amici
496 2662 595 2732 talem
615 2680 735 2730 casum
750 2662 863 2749 lugeo,
879 2680 984 2751 quam
1000 2669 1131 2729 tantum

58 2798 127 2855 tam
148 2781 309 2876 gloriosae
330 2783 541 2876 Reipublicae
561 2781 742 2878 pudorem.
765 2782 855 2867 Quid
881 2785 971 2855 enim
998 2783 1133 2854 dicetur

58 2906 149 3002 apud
167 2894 314 2999 gentes?
325 2905 415 2990 Quid
430 2906 614 3000 posteritas
628 2908 811 2999 loquetur?
822 2906 1004 2978 lnnoxium
1022 2906 1133 2976 homi-

58 3030 229 3122 nem,qui
249 3030 463 3115 interseras,
487 3039 525 3100 ut
545 3030 706 3102 Lucanus
727 3030 790 3113 ait,
812 3028 968 3100 Rhodani
991 3037 1129 3122 gentes,

58 3149 116 3242 qui
138 3151 356 3241 perdeserta
376 3151 573 3244 provinciae,
596 3173 665 3241 qua
687 3153 779 3221 nulla
801 3173 913 3243 usque
935 3149 1038 3221 hodie
1057 3149 1129 3220 dis·

60 3269 211 3353 solutior,
227 3275 319 3343 nulla
335 3272 523 3343 desolatior
541 3281 634 3344 terra
650 3283 716 3357 est,
736 3295 777 3344 ac
794 3295 856 3366 per
872 3271 978 3367 Alpes
997 3274 1130 3345 medias

58 3418 127 3467 non
157 3393 296 3465 nivibus
321 3406 454 3467 tantum
480 3405 539 3467 aut
564 3394 667 3488 vagis
692 3393 956 3481 excrrrsoribus,
989 3397 1050 3469 sed
1076 3419 1132 3468 ar-

58 3518 159 3589 matis
191 3516 257 3588 boo
290 3512 444 3608 tempor'e
474 3517 686 3589 exercitibus
711 3538 824 3605 caesas
849 3539 919 3590 non
940 3519 1044 3591 modo
1068 3542 1131 3613 per

57 3640 161 3725 diem,
183 3640 246 3712 sed
268 3638 335 3710 sub
355 3649 525 3732 tempesta
545 3641 648 3712 etiam
665 3648 767 3712 nocte
785 3641 982 3725 incesserit,
1002 3644 1036 3713 iu
1055 3639 1131 3712 lini-

57 3761 124 3835 bus
142 3762 363 3845 Florentinis
392 3764 466 3833 luce
492 3763 606 3836 media
630 3763 872 3857 procubuisse,
906 3767 1128 3838 velutovem

58 3892 172 3986 impiae
191 3892 344 3964 victimae
364 3890 596 3964 destinatam?
612 3893 656 3962 Et
675 3893 739 3964 oh!
757 3903 926 3965 aeternum
941 3897 1054 3967 aetatis
1067 3919 1130 3969 no

57 4025 142 4086 strae
161 4014 336 4088 deducus:
358 4013 518 4086 inventos
539 4034 620 4086 esse
639 4016 698 4107 qui
720 4014 871 4088 audeant
895 4041 915 4090 e
940 4031 1126 4114 conspectu

57 4134 311 4232 quodammodo
327 4135 426 4211 urbis
445 4148 584 4223 vestrae,
606 4149 642 4209 et
661 4137 753 4212 illius
773 4140 854 4211 olim
875 4142 1045 4216 formidati
1069 4167 1127 4236 pa-
