2670 4688
10 1365 22 1405 Γ

10 1612 20 1653 ἶ

273 493 278 504 ·
386 413 389 418 ¹
463 461 643 526 crisconi
667 462 785 526 xxxu.

181 641 374 692 aaauclscus
395 641 566 693 Parasitus
588 644 695 694 PETEO
717 642 911 695 aoaoamust
932 644 958 692 S.
981 643 1009 692 P.
1031 645 1061 693 D.

174 805 314 861 Nonnulla
327 805 361 860 de
376 804 510 876 Dyrachio
525 804 609 860 urbe:
630 811 659 861 et
671 806 780 863 litteras
795 805 892 862 amicis
905 805 1072 879 quibusdam

486 892 642 950 reddendas
657 893 750 950 mittil.

179 1150 255 1221 Non
275 1152 444 1243 epistolas
465 1164 543 1222 tuas
566 1161 714 1235 tantum,
741 1149 804 1226 sed
831 1149 1001 1243 quidquid
1020 1149 1161 1222 omnino

81 1274 309 1345 litterularum
329 1295 373 1344 ex
394 1282 428 1344 te
446 1274 548 1356 venit,
568 1274 647 1345 laete
670 1272 774 1344 video
789 1299 795 1341 :
813 1294 905 1366 pone
922 1272 1011 1343 hanc
1027 1293 1158 1343 curam.

79 1394 134 1466 Ad
173 1394 207 1465 id
240 1394 335 1487 quod
367 1393 411 1465 de
444 1393 618 1466 Durachio
648 1415 710 1466 seu
744 1392 916 1490 Dyruchio
947 1393 1157 1486 quaesivisti,

80 1514 211 1587 breve:
232 1539 362 1588 morem
386 1538 501 1585 meum
520 1514 625 1600 nosti,
645 1538 713 1587 non
735 1536 811 1586 sum
835 1517 991 1610 palliatur
1011 1513 1158 1586 inscitiae

79 1659 168 1709 meae
183 1665 189 1706 :
203 1639 298 1730 quod
315 1639 443 1721 nescio,
466 1639 542 1710 sine
563 1637 839 1711 dissimulatione
857 1636 1044 1710 confiteor:
1063 1635 1158 1730 quod

79 1760 164 1842 scio,
195 1761 270 1830 sine
296 1761 517 1833 aemulatione
535 1760 711 1854 participo.
735 1761 872 1845 Quaeris
893 1764 1001 1832 multa
1022 1761 1067 1833 de
1087 1754 1158 1831 Du-

10 1869 12 1874 ’
79 1880 196 1951 rachio
216 1892 251 1953 et
270 1885 369 1974 plura
386 1883 489 1952 etiam
507 1883 617 1974 quaeri
636 1895 805 1977 possunt:
822 1883 902 1974 quis
921 1895 1042 1954 auctor
1059 1881 1157 1954 urbis

10 1984 19 2023 ²
79 2000 186 2072 illius:
211 2024 291 2096 quae
323 2005 378 2075 vis
411 2005 582 2075 nominis:
614 1994 786 2076 au'aliud
816 2024 942 2075 nomeu
974 2002 1187 2075 habuerit:¹

78 2123 158 2215 quis
189 2125 271 2198 illud
298 2127 507 2200 mutaverit:
538 2140 574 2198 et
606 2150 678 2199 cur.
714 2128 844 2198 Horum
871 2126 1025 2220 quinque
1046 2127 1157 2221 prima

10 2232 14 2253 ⁹
79 2248 148 2319 duo
173 2246 339 2339 profiteor
368 2272 424 2321 mo
449 2250 608 2321 nescire:
641 2272 704 2321 nec
733 2248 928 2321 mirabere:
950 2271 1076 2342 magna
1102 2261 1158 2322 est

77 2373 168 2441 enim
192 2393 260 2440 non
287 2370 389 2441 modo
412 2371 456 2441 de
474 2371 552 2441 aliis
574 2369 782 2450 minoribus,
807 2370 868 2441 sed
896 2370 940 2442 de
968 2373 1045 2464 ipsa
1069 2392 1156 2463 quo-

79 2513 148 2581 que
183 2488 320 2559 urbium
355 2490 474 2580 regina
504 2489 597 2582 apud
631 2491 819 2581 scriptores
844 2491 1028 2583 ipsumque
1051 2492 1156 2561 etiam

79 2610 264 2706 Hyginum,
279 2621 383 2703 atque
398 2609 551 2684 indecisa
567 2611 753 2683 discordia.
773 2612 824 2681 De
842 2612 943 2681 tertio
963 2610 1042 2685 dico
1061 2612 1157 2705 quod

77 2733 176 2828 prius
196 2732 390 2826 Epidamno
417 2733 508 2805 dicta
542 2743 612 2816 est,
640 2734 740 2804 cuius
761 2733 910 2804 nominis
934 2743 971 2804 et
990 2733 1155 2805 Lucanus

79 2856 234 2928 meminit
253 2856 444 2951 penultimo
468 2857 585 2950 operis
613 2855 667 2928 sui
692 2877 810 2930 versu.
836 2857 887 2927 Da
913 2864 1060 2950 quarto:
1088 2856 1155 2928 Ro·

78 2981 169 3051 mani
201 3002 327 3052 nomen
359 2979 444 3053 illud
469 2990 704 3052 mutaverunt.
731 2980 766 3049 Si
786 2999 927 3051 causam
950 2978 1080 3071 quaeris
1107 2977 1155 3072 (id

78 3102 169 3172 enim
194 3103 352 3195 quintum
384 3102 494 3195 erat),
521 3113 659 3195 propter
684 3105 928 3194 iaoauapicutum
954 3123 1089 3186 nomeu,
1116 3110 1156 3172 ut

78 3225 126 3295 ait
148 3225 292 3310 Plinius,
326 3224 422 3317 quod
453 3223 661 3318 expressius
681 3246 701 3294 a
718 3223 907 3317 Pomponio
927 3222 1061 3294 dictum
1086 3229 1153 3293 est.

76 3344 316 3441 Epidamnum,
338 3347 457 3438 inquit,
476 3357 553 3416 onte
570 3359 664 3428 erut‚·
680 3345 827 3416 Romani
845 3366 965 3414 nomeu
984 3355 1154 3414 mutavere

76 3472 155 3562 quia
180 3471 271 3539 velut
295 3470 333 3538 ia
358 3467 516 3539 domuum
541 3470 638 3540 iturus
668 3491 763 3538 omen
788 3465 823 3536 id
853 3469 961 3537 ouum
987 3479 1043 3536 eat.
1070 3466 1153 3539 Haec

76 3597 153 3668 ille:
184 3605 220 3667 et
252 3613 377 3664 revera
405 3614 452 3664 ex
483 3591 578 3664 ltalia
609 3573 782 3683 digressis
816 3589 926 3683 prima
960 3587 1153 3682 Epidamno

76 3719 227 3790 adverso
246 3728 322 3789 erat
337 3718 372 3786 in
393 3715 502 3787 litore.
524 3717 608 3785 Haec
630 3723 712 3786 sunt
730 3733 811 3806 quae
829 3712 874 3784 de
897 3711 940 3782 iis
963 3710 1061 3798 novi,
1085 3709 1151 3782 nisi

76 3835 179 3906 altius
211 3833 378 3906 luderem.
409 3831 515 3902 Miror
547 3840 662 3902 autem
696 3839 731 3900 et
764 3826 901 3918 gaudeo
927 3827 1061 3919 aliquos
1072 3832 1150 3897 ‘um

75 3955 205 4028 otiosos
225 3956 316 4040 istic,
337 3955 535 4050 praesertim
558 3952 648 4024 inter
665 3949 781 4023 studia
802 3947 981 4032 lucrativa,
1010 3959 1047 4020 ut
1071 3946 1151 4029 talia

74 4089 196 4150 curent
226 4089 330 4172 atque
361 4077 547 4169 vestigent.
575 4075 719 4147 Veniam
754 4072 798 4144 ad
831 4066 1161 4178 negotia.'Cadulae·
