2670 4688
320 307 413 356 cinna
436 307 971 367 vrcnsurusournrus.-nrrsronu
994 310 1013 356 r.
1146 296 1206 359 253

126 451 244 523 videat
262 452 344 524 vitae
369 475 528 534 cursum,
560 452 757 545 pracsertim
788 473 833 522 ex
859 475 929 545 quo
955 453 1025 525 viae
1053 453 1205 525 medium

128 574 309 645 transivit?
326 576 427 646 Certe
447 596 513 665 ego
528 584 608 644 tunc
623 574 788 668 (memini)
804 588 883 646 ante
897 575 1083 647 dumtaxat
1096 578 1206 650 inten-

126 697 252 768 debam
277 698 413 780 oculos,
441 698 656 789 nimiumque
690 705 784 767 retro
816 705 910 768 orat:
932 697 1027 790 quod
1048 698 1208 770 restabat

124 823 335 914 plusculum,
361 833 474 891 utres
497 820 628 905 docuit,
657 820 721 891 sed
746 820 915 892 incertum
950 828 986 889 et
1006 821 1205 912 expositum

125 941 267 1012 infinitis
288 940 441 1023 casibus,
468 941 557 1011 inter
583 962 685 1032 quoe,
715 942 818 1011 fessis
846 941 968 1012 itinere
989 962 1030 1011 ao
1048 941 1205 1012 dimissis

124 1063 240 1134 medio
256 1066 341 1136 caiic
358 1062 550 1146 comitibus,
575 1085 669 1156 saepc
691 1084 745 1134 mc
768 1065 879 1135 solum
901 1064 1203 1156 circumspectans,

127 1205 196 1254 non
220 1185 295 1256 sine
315 1185 503 1278 gemitibus
524 1185 569 1257 ad
589 1185 681 1256 hunc
701 1185 793 1256 diem
819 1187 910 1256 veni.
937 1187 1010 1256 Hoc
1035 1187 1125 1257 intra
1150 1208 1206 1256 me

123 1319 158 1377 et
189 1327 400 1400 coaequevos
434 1327 546 1391 meos,
577 1307 662 1398 quio
695 1309 798 1378 ctiam
826 1328 926 1378 senes
953 1317 1092 1378 nostros
1117 1307 1206 1379 inte-

125 1440 232 1501 rerat:
266 1430 360 1522 quod
394 1429 543 1523 idipsum
570 1429 637 1500 iliis
662 1440 796 1501 certum
821 1438 856 1499 et
882 1429 1089 1500 immensum
1118 1439 1204 1513 orat,

124 1552 207 1622 mihi
229 1552 397 1644 exiguum
423 1562 528 1643 atque
548 1552 753 1644 ambiguum
774 1550 980 1622 videbatur:
1003 1548 1118 1644 deque
1141 1551 1207 1621 hoc

123 1675 234 1747 crebri
263 1695 444 1746 sermones
469 1685 504 1745 et
524 1673 688 1745 iuvenilis
717 1675 908 1757 altercatio,
931 1675 964 1744 in
987 1697 1055 1767 qua
1082 1694 1206 1745 senum

123 1796 413 1891 praeponderabat
437 1797 639 1880 auctoritas
661 1806 698 1867 et
723 1819 790 1889 ego
816 1818 922 1890 prope
946 1799 1014 1867 iam
1041 1799 1205 1869 amentias

124 1931 309 2014 suspectus
330 1942 438 1992 eram.
461 1920 547 1990 Nam
576 1940 639 1990 nac
663 1919 757 2011 quod
783 1921 818 1988 in
844 1920 960 1992 animo
983 1930 1061 1991 erat
1085 1921 1207 2015 expri-

125 2064 219 2114 mere
243 2063 424 2127 noveram,
446 2052 481 2114 et
502 2043 531 2112 si
554 2063 711 2124 nossem,
734 2064 825 2112 nova
847 2052 952 2127 aetas,
977 2063 1069 2114 nova
1089 2043 1207 2138 opinio

123 2186 246 2258 parum
267 2161 348 2234 fidei
370 2162 603 2236 merebantur.
631 2163 752 2255 itaque
773 2162 875 2234 fando
897 2162 1011 2234 victus
1032 2163 1067 2232 io
1090 2183 1204 2234 arcem

124 2287 248 2358 silentii
267 2285 520 2377 confugiebam.
540 2285 667 2356 Tacitis
688 2297 802 2357 tamen
824 2284 1023 2358 exactibus
1042 2305 1204 2378 quaenam

123 2416 245 2477 essent
267 2417 491 2496 utrorumque
513 2406 696 2475 sententiae
716 2406 914 2500 apparebat.
937 2409 1007 2477 iliis
1027 2409 1117 2477 enim
1137 2428 1206 2477 non

125 2530 242 2620 pueris
269 2526 388 2609 modo,
412 2525 475 2596 scd
496 2523 640 2596 senibus
662 2528 777 2617 longae
797 2549 893 2620 spes,
915 2549 1066 2599 onerosa
1086 2529 1207 2598 coniu-

124 2650 194 2739 gia,
229 2646 402 2718 laboriosa
428 2646 564 2729 militia,
592 2667 721 2741 anceps
742 2648 934 2738 navigatio,
957 2670 1064 2719 avara
1090 2649 1207 2720 studia

125 2770 412 2850 instituebantur3
435 2766 535 2852 mihi,
565 2790 687 2839 rursus
708 2770 742 2838 in
765 2769 1002 2841 testimonium
1029 2771 1205 2841 Christum

124 2916 224 2978 voco,
252 2893 318 2964 iam
345 2891 391 2962 ab
416 2893 472 2962 iila
498 2900 602 2963 aetate
628 2894 721 2963 nuiia
755 2894 864 2964 ferme
895 2912 990 2988 spes,
1026 2894 1094 2964 iam
1122 2903 1206 2963 tunc

126 3026 264 3087 teneros
300 3008 474 3106 cogitatus
515 3015 633 3085 saliere
671 3015 854 3109 incipiente
896 3017 1044 3088 fortuna.
1083 3016 1205 3106 itaque

124 3138 294 3230 quidquid
334 3136 540 3208 fortunatius
584 3136 722 3221 accidit,
765 3139 860 3229 quod
904 3141 975 3209 Deo
1016 3145 1205 3229 praestante

125 3261 271 3329 muitum
303 3268 374 3343 est,
407 3281 476 3329 non
512 3259 661 3352 speranti
686 3261 837 3331 accidit:
865 3261 894 3330 si
921 3261 1005 3352 quid
1031 3259 1204 3331 interdum

125 3379 316 3450 animosius
341 3378 491 3471 speravi,
520 3381 624 3451 credo
652 3394 688 3453 ut
715 3403 856 3473 sperare
878 3380 1107 3465 dediscerem‚
1135 3404 1204 3453 non

126 3501 259 3572 accidit.
282 3503 326 3573 Et
361 3524 445 3575 sane
473 3502 622 3574 dedidici
649 3525 761 3595 usque
788 3505 889 3586 adeo,
919 3516 956 3576 ut
977 3506 1054 3575 iicet
1073 3504 1107 3574 in
1127 3505 1203 3576 dies

124 3637 248 3697 auctus
282 3627 430 3694 fortunae
452 3625 666 3708 muneribus,
689 3635 725 3696 et
748 3626 805 3698 iiia
830 3638 931 3717 grato
952 3626 1067 3698 animo
1094 3629 1203 3722 perci-

123 3749 214 3840 piam
249 3757 284 3816 et
315 3745 400 3814 nihii
432 3743 511 3817 ideo
536 3749 614 3839 plus
642 3769 779 3841 sperem
799 3771 904 3840 quam
927 3750 956 3819 si
977 3749 1061 3819 nihii
1083 3773 1203 3845 peroc-

123 3870 276 3962 pissem:
311 3880 415 3960 atque
442 3868 519 3939 haec
545 3869 630 3938 mibi
653 3891 733 3939 cum
755 3871 876 3941 amicis
899 3894 965 3943 una
986 3873 1028 3942 lis
1051 3888 1200 3957 maneat,

124 3992 182 4083 qui
205 3991 370 4063 morituro
390 3992 513 4081 longas
536 4013 618 4083 spes
639 3989 820 4078 obiiciunt,
843 4015 947 4086 quas,
971 4007 1009 4066 ut
1033 3995 1121 4080 dixi,
1151 3997 1203 4068 vi-

125 4136 206 4186 vere
234 4116 401 4210 incipiens
432 4112 650 4208 respuebam.
675 4115 755 4185 Haec
776 4136 831 4188 me
852 4137 915 4190 scu
940 4116 1110 4203 debilitas,
1139 4140 1202 4190 scu
