2670 4688
120 252 178 308 :loti
562 265 723 315 tzttttattt'rt

121 407 187 477 sthi
209 408 363 477 breviter
383 407 549 492 scribam,
582 419 620 480 et
650 432 731 481 eum
757 431 903 502 quoquo
925 412 979 483 ad
999 413 1072 485 lras
1094 416 1217 486 litteras

124 541 312 620 remittam,
335 564 379 611 ne
399 543 563 613 minutias
583 552 619 611 et
639 541 781 612 tabellas
808 564 907 612 meas
927 565 1033 637 saepe
1053 561 1214 640 repetam,

122 663 315 756 dequibus
337 666 406 734 seis
427 662 523 756 quod
540 686 716 757 nunquam
743 663 805 734 tihi
830 666 970 757 aliquid
994 670 1144 761 scripsi,
1162 690 1217 739 ne·

123 808 193 878 que
213 809 306 857 nunc
324 786 466 878 quidem
487 789 620 855 lueram
646 786 856 877 scripturae,
880 788 952 856 nisi
982 790 1076 880 quia
1096 791 1147 860 sic
1163 811 1214 861 tes

125 931 272 1002 poscere
294 911 370 979 risa
396 919 461 980 est.
485 910 525 979 tlt
555 931 659 990 nunc,
693 912 817 989 frater,
841 906 956 980 hahes
986 923 1103 983 totam
1134 914 1214 983 hanc

128 1031 307 1102 historiam
321 1033 554 1102 neeessariam
572 1030 807 1123 potiusquam
823 1030 1042 1114 iucundam,
1064 1036 1099 1105 si
1118 1058 1213 1106 uuum

126 1151 295 1226 addidero
309 1155 404 1247 quod
424 1166 542 1248 posset
561 1156 678 1223 lorsan
692 1152 727 1220 in
739 1151 956 1243 colloquium
980 1157 1126 1228 uenire.
1139 1157 1211 1228 litut

128 1278 159 1347 si
180 1292 279 1369 roget
306 1279 341 1346 in
365 1277 459 1347 buno
488 1275 647 1346 modum:
674 1274 825 1362 poeninis
853 1275 1065 1345 nominatim
1102 1279 1213 1346 nesciat

128 1401 208 1492 quid
230 1399 407 1494 petendum
428 1403 480 1481 sit,
500 1399 593 1467 citius
610 1397 740 1487 penetra
763 1406 873 1463 umen
898 1397 1065 1488 beneficio
1095 1412 1213 1492 optares

128 1502 263 1593 edicito:
295 1525 409 1593 dicatu
440 1522 535 1614 quod
564 1520 658 1612 apud
683 1519 885 1588 Cioerouem
919 1518 1048 1590 Cotta:
1070 1522 1212 1590 omittas

128 1650 208 1733 (ere.
234 1646 360 1733 iuquit.
393 1650 426 1711 iu
450 1647 543 1713 rullus
562 1639 641 1731 quid
666 1663 735 1708 non
761 1641 803 1708 rit
829 1639 925 1708 attus
957 1661 1067 1728 quum
1084 1642 1165 1733 quid
1178 1646 1212 1712 rit

128 1764 283 1834 diewini.
315 1764 537 1835 Pralaturam
571 1764 686 1853 itaque
720 1761 849 1832 nullam
884 1761 983 1842 volo,
1025 1785 1096 1835 neo
1128 1762 1211 1834 rolui

129 1886 269 1978 quidem
300 1908 466 1973 uuquam:
513 1885 669 1954 similiter
706 1904 770 1951 nec
807 1878 1020 1952 beneficium
1059 1899 1209 1956 curatum

128 2009 375 2099 quodeunque,
398 2008 561 2095 quamtis
581 2003 906 2097 opulentissimum
934 2006 1027 2077 satis
1050 2020 1112 2079 est
1135 2005 1209 2076 milti

130 2132 233 2198 unius
254 2125 380 2197 auituae
406 2148 493 2193 rutae
512 2138 732 2216 cura2atque
744 2124 871 2195 utinam
886 2123 934 2193 illi
952 2126 1015 2194 uni
1029 2128 1207 2198 sufficiant!

128 2250 177 2317 De
199 2246 332 2335 reliquo
354 2246 453 2313 saciat
473 2247 639 2315 dominus
661 2260 796 2328 noster,
819 2257 858 2316 ut
881 2243 947 2315 sibi
969 2247 1155 2337 placuerit,
1179 2262 1209 2319 ut

128 2388 234 2437 unum
257 2365 344 2435 seiut
361 2365 463 2458 quodv
474 2367 550 2438 sive
565 2368 648 2437 mihi
663 2368 861 2460 provideat,
880 2368 960 2439 sire
976 2391 1064 2452 non,
1089 2391 1209 2442 servus

128 2508 214 2561 suus
236 2509 329 2571 autu,
358 2491 520 2580 quuruvis
541 2491 585 2560 nd
608 2491 689 2560 nihil
718 2491 830 2573 utilis,
863 2498 900 2561 at
926 2488 1042 2561 fidelis
1072 2495 1207 2573 saltem,

129 2631 252 2699 riu-ipit·
276 2610 348 2679 uuirt
372 2612 477 2680 iussis
495 2610 685 2682 obnoxium
711 2614 834 2692 fateor,
860 2621 896 2680 et
922 2606 998 2680 suis
1024 2613 1110 2683 olim
1132 2615 1210 2682 allo

126 2731 237 2822 quill,
261 2745 295 2802 ut
318 2756 408 2802 nunu
426 2734 499 2802 suis
523 2734 644 2803 litteris
668 2733 853 2823 insigniter
871 2731 1094 2816 honoratum,
1118 2735 1212 2806 itaut

129 2852 193 2923 silti
217 2875 283 2920 unu
307 2854 373 2921 ium
403 2876 465 2921 sua
494 2855 698 2924 liberalitate
727 2854 904 2938 devotior,
935 2852 1000 2923 sed
1026 2855 1210 2948 obligatior

127 2972 200 3044 lieri
216 2973 357 3061 possim.
379 2974 465 3042 lllud
478 2996 619 3064 quoque
639 2974 707 3042 sibi
727 2976 941 3066 persuadeas
957 2975 1069 3067 quod,
1085 2977 1212 3072 siquid

130 3094 213 3168 milti
230 3093 428 3176 contulerit,
447 3095 596 3186 idipsum
610 3097 678 3167 uito
692 3099 789 3185 alteri
811 3101 969 3170 conferre
986 3101 1128 3190 polerit.
1146 3101 1214 3193 1390

127 3220 217 3290 ratim
236 3218 300 3285 iam
321 3212 456 3297 delibor,
478 3229 526 3298 et,
553 3229 589 3287 ut
612 3222 763 3302 aestimo,
789 3232 914 3312 terrtpnr
935 3243 1013 3290 uteae
1040 3225 1216 3294 resolutio

130 3346 180 3412 uir
205 3341 304 3410 instat
308 3389 363 3405 .....
397 3338 490 3408 Heu!
527 3342 611 3410 milti
643 3343 772 3412 misero
799 3344 881 3433 quia
911 3364 991 3434 qpae
1019 3356 1217 3436 sequuntur

128 3467 243 3539 «liuere
261 3481 327 3531 non
345 3478 502 3550 possum.
518 3464 619 3533 Certe
636 3486 717 3554 ego,
741 3466 859 3545 stater,
880 3477 1005 3556 praeter
1020 3471 1217 3540 naturalem

131 3591 212 3659 titre
238 3587 362 3673 legent,
385 3602 466 3671 quio
494 3596 637 3654 nonest
663 3588 758 3655 aliud
779 3609 884 3678 quam
906 3608 1033 3656 cursus
1054 3587 1103 3656 ad
1126 3612 1221 3663 mor·

130 3726 195 3781 tutu
215 3703 330 3775 lauris
351 3715 385 3773 et
407 3702 583 3790 lubricuS,
606 3709 719 3778 sentio
741 3732 796 3778 me
828 3711 861 3778 in
892 3707 969 3778 dies
994 3710 1086 3779 ultra
1112 3686 1230 3783 eliam·

133 3831 245 3904 ,utatis
265 3824 478 3915 exigentiam
502 3830 589 3920 rapi,
616 3840 652 3898 et
670 3831 897 3901 veliementer
919 3830 1091 3911 imminui,
1112 3842 1222 3925 alque

134 3950 319 4029 mutuatu
344 3972 475 4019 tuorem
503 3971 726 4022 evanescere.
756 3955 802 4021 lle
828 3974 898 4042 quo
925 3954 1031 4021 miror
1057 3955 1220 4044 quidem,

132 4101 212 4173 quta
234 4097 302 4147 uott
324 4073 368 4145 iltt
391 4070 474 4153 rixi,
491 4073 555 4143 uisi
573 4075 689 4144 fallor.
715 4087 748 4143 ut
767 4072 798 4141 id
820 4072 934 4141 adltuc
960 4075 1042 4143 milti
1069 4074 1221 4147 deberet
