2670 4688
179 276 240 336 sto
519 289 561 337 nn
582 289 684 338 rrsnns
704 288 926 338 rsurmsumus

179 424 310 494 bonurn
329 437 365 496 et
386 424 607 496 commodum
629 424 769 495 differre
785 433 976 495 autumant.
997 423 1041 494 Et
1060 425 1216 515 prolecto
1233 426 1266 494 si

181 566 288 614 unum
309 555 364 616 est
383 544 514 615 bonum
535 545 666 628 virtus
688 557 724 616 et
743 546 829 615 nihil
848 557 904 616 est
924 548 1051 617 malum
1070 543 1139 614 nisi
1164 545 1266 636 quod

180 673 380 765 oppositum
401 671 493 742 buno
512 683 580 755 est,
601 694 680 742 cum
707 673 829 742 vitium
856 674 966 744 solum
993 673 1189 766 oppositum
1216 671 1268 743 sit

181 792 318 878 virtuti,
337 791 421 863 nihil
439 793 580 863 omnino
595 794 660 862 nisi
672 792 796 863 vitium
815 796 952 864 malum.
972 793 1041 863 Sed
1060 794 1267 865 omittamus

185 916 254 984 ista
268 913 465 1006 magnifica,
482 927 517 986 et
530 917 715 1007 loquamur
733 924 771 985 ut
783 918 912 998 caeteri,
928 915 1118 1008 praesertim
1133 936 1215 984 cum
1227 927 1267 986 et

182 1035 261 1106 haec
280 1039 338 1106 vel
361 1039 468 1128 vulgo
489 1038 545 1106 vel
566 1056 676 1106 sensu
696 1035 809 1105 iudice
830 1058 898 1105 non
921 1036 1122 1129 probentur,
1143 1044 1180 1105 et
1199 1035 1266 1106 ad·

181 1179 286 1229 versa
305 1159 408 1228 etiam
429 1156 716 1248 philosophorum
734 1156 839 1240 acies,
862 1157 950 1226 duce
966 1157 1165 1238 Aristotele,
1187 1177 1265 1228 ma·

182 1303 251 1374 gno
271 1282 422 1351 clamore
441 1277 634 1347 dissentiat.
651 1278 745 1346 Leve
764 1288 819 1346 est
838 1287 972 1358 autem,
994 1291 1032 1348 nt
1057 1278 1146 1361 dixi,
1173 1279 1265 1349 assi-

182 1403 322 1474 dentem
341 1417 439 1490 aegro
460 1419 582 1468 sanum
601 1397 792 1489 disputare,
807 1409 842 1467 et
862 1398 1062 1488 opinionum
1079 1401 1264 1490 angustias

181 1528 466 1611 argumentorum
501 1517 652 1589 flexibus
683 1520 828 1608 ingredi,
857 1541 897 1589 ac
923 1522 1082 1592 sonantia
1101 1533 1264 1594 eructare

180 1639 406 1733 problemata.
440 1639 521 1712 Sed‘
540 1639 700 1710 lomentis
733 1662 801 1711 non
834 1642 952 1712 verbis
984 1642 1082 1712 dolor
1115 1643 1262 1713 tollitur:

179 1783 392 1855 quamquam
411 1772 448 1832 et
467 1761 586 1831 verbis
601 1761 779 1853 mitigatur
796 1763 895 1834 dolor
911 1776 946 1833 et
963 1765 1142 1854 frangitur.
1159 1766 1264 1859 Saepe

179 1884 236 1954 vel
257 1883 369 1955 amica
387 1884 588 1977 increpatio,
612 1885 667 1953 vel
690 1883 800 1954 virilis
820 1884 1018 1955 exhortatio
1044 1885 1178 1975 pudore
1202 1887 1262 1956 vel

180 2003 305 2077 ardore
331 2007 382 2078 sic
406 2005 556 2075 armavit
580 2006 745 2089 animum,
776 2016 812 2077 ut
841 2007 1015 2096 ingestum
1038 2027 1102 2076 suo
1122 2007 1263 2099 corpori

180 2128 387 2220 supplicium
420 2148 488 2197 non
516 2129 670 2200 sentiret.
697 2129 884 2199 Sedenim
912 2139 994 2198 tunc
1022 2127 1132 2198 verba
1157 2149 1264 2200 suum

178 2247 315 2340 pondus
337 2246 477 2327 habent,
499 2249 583 2319 dum
609 2249 757 2321 adsuerit
779 2250 858 2319 hinc
882 2248 1041 2320 docilitas
1067 2246 1263 2334 audientis,

69 2400 74 2409 ·
179 2368 259 2438 hinc
291 2370 464 2460 loquentis
500 2373 699 2455 auctoritas.
734 2370 784 2442 Ea
816 2392 901 2441 vern
933 2382 1016 2443 tunc
1048 2391 1176 2460 magna
1194 2382 1263 2451 est.

177 2489 319 2581 quando
335 2491 395 2583 qui
416 2492 576 2584 loquitur,
593 2503 720 2588 praeter
733 2494 921 2585 ingenium,
936 2492 1191 2587 experientiam
1206 2502 1266 2563 est

178 2609 340 2706 adeptus,
361 2623 400 2684 ut
415 2617 700 2709 quiquandoque
717 2620 785 2688 tale
799 2617 928 2710 aliquid
945 2636 1086 2708 passus,
1106 2612 1265 2706 quodalr

177 2735 246 2806 alio
264 2735 385 2827 exigit,
407 2738 445 2806 in
466 2759 505 2808 se
524 2752 606 2810 ante
626 2738 843 2833 praestiterim
865 2751 947 2807 tunc
968 2748 1084 2805 autem
1105 2737 1263 2809 maxima

177 2852 1262 2950 etconsummata,quandodnmloquiturpatitur.Nequeenim

177 2978 301 3068 arguit,
328 2979 392 3049 sed
417 2977 640 3060 demonstrat,
666 2992 703 3049 et
727 2980 959 3072 adstipulatur
985 2978 1089 3048 dictis
1110 2979 1262 3053 sortibus

178 3120 336 3190 praesens
355 3100 472 3171 dolor:
493 3111 529 3168 et
549 3099 677 3170 idcirco
697 3101 742 3171 ad
762 3121 897 3171 omnem
924 3102 1121 3192 patientiam
1143 3102 1263 3174 effica-

177 3221 329 3291 cissimae
349 3242 454 3292 voces
472 3231 554 3291 sunt
573 3241 655 3313 quae
679 3244 725 3292 ex
752 3220 837 3314 ipsis
865 3223 1073 3294 cruciatibus
1094 3224 1260 3295 emittun-

179 3355 250 3425 tur;
274 3344 350 3416 haec
367 3343 450 3414 mihi
467 3344 562 3426 ratio,
579 3344 714 3414 suasori
728 3343 880 3436 alioquin
895 3347 982 3415 lorte
994 3367 1063 3415 non
1077 3353 1132 3413 sat
1144 3347 1258 3434 gravi,

176 3468 414 3536 auctoritatem
424 3463 701 3556 fidemquenunc
713 3467 854 3558 peperit.
870 3467 1047 3559 Siquidem
1063 3484 1129 3534 non
1144 3465 1260 3536 mino-

176 3608 234 3656 res
244 3598 328 3678 puto
340 3609 444 3680 quam
453 3588 661 3680 podagricos
671 3586 818 3672 dolores
831 3611 919 3681 quos
934 3593 1113 3682 perferens
1126 3599 1159 3658 te
1171 3588 1261 3658 allo-

174 3707 1260 3803 quor,tuisobsessumoppressumqnedoloribusiisquesicin-

173 3828 268 3898 victo
283 3841 319 3900 et
339 3853 467 3922 magno
480 3833 596 3901 animo
606 3830 839 3913 resistentem,
853 3846 891 3904 ut
904 3834 1040 3922 utrique
1050 3831 1137 3902 fides
1152 3832 1259 3902 simul

173 3969 214 4018 ac
233 3949 392 4023 docilitas
416 3975 483 4024 non
500 3954 605 4035 desit,
624 3962 772 4044 uterque
788 3957 846 4023 vel
860 3954 1006 4025 idoneus
1026 3957 1071 4024 sit
1087 3954 1259 4044 magister

174 4073 230 4141 vel
247 4073 451 4167 discipulus.
467 4077 541 4168 Ego
553 4077 587 4147 in
601 4095 760 4171 praesens
778 4074 937 4166 magistri
955 4075 1064 4146 vicem
1077 4076 1258 4167 assumpsi

567 4386 580 4419 Ι
