2670 4688
166 280 226 340 220
508 292 550 339 DE
572 290 672 340 nauus
691 289 911 339 Fntlttltlttutts

166 428 269 497 etiam
286 427 315 496 si
336 424 465 497 oblitus
479 423 545 508 tui,
561 424 590 493 si
608 422 669 494 tibi
681 423 792 493 iratus
809 432 985 514 appareat:
1004 419 1049 490 de
1062 423 1140 512 ipso
1151 421 1253 491 enim

167 550 333 641 scripturn
352 558 423 618 est:
444 545 529 616 Cum
541 548 646 614 irolru
656 547 759 632 fueris
777 543 1005 613 misericordie
1013 539 1253 612 recordaberis.

166 670 408 752 familiariter,
434 666 650 739 confidenter
674 679 709 739 et
734 688 817 738 vere
843 666 946 737 dicito
978 666 1062 736 illud
1093 666 1252 737 ulcerosi

167 791 260 862 senis
274 790 497 862 memorabile
509 800 544 861 et
559 791 727 861 devotum
740 789 904 858 verbum:
920 789 1076 857 Etiamsi
1093 785 1255 857 occiderit

166 936 230 995 me,
248 915 285 982 in
304 915 374 1006 ipso
386 915 538 1005 sperato:
556 913 602 983 ita
620 911 691 992 dic,
708 911 754 981 ita
775 913 840 992 fac,
864 910 910 980 ita
923 910 1047 999 cogita,
1067 909 1114 979 ita
1132 928 1253 1000 spera.

167 1036 301 1108 Poteris
325 1035 450 1115 omnia,
473 1035 502 1105 si
526 1044 558 1103 tc
580 1053 684 1126 posse
708 1031 910 1113 credideris,
934 1053 1003 1099 non
1023 1029 1059 1101 in
1080 1040 1113 1100 te
1134 1029 1254 1101 sedin

167 1180 210 1230 eo
230 1160 288 1252 qui
309 1170 344 1230 te
362 1160 542 1230 confortat.
563 1154 723 1235 Proinde,
746 1152 840 1244 quod
867 1154 974 1236 soles,
997 1174 1062 1243 age
1084 1172 1254 1244 perseve-

169 1293 298 1364 ranter,
326 1302 438 1372 eoque
463 1278 745 1370 promptiusque
767 1276 958 1368 proximior
980 1275 1039 1346 fini
1059 1296 1108 1346 es.
1135 1277 1254 1349 Breve

167 1416 223 1475 est
242 1403 322 1483 iter,
345 1400 427 1471 nibil
455 1412 572 1469 autem
598 1398 707 1469 breve
731 1397 884 1469 difficile:
909 1400 1000 1467 nulla
1015 1401 1072 1468 vel
1092 1419 1253 1492 praeoeps

166 1543 355 1616 paucorum
370 1541 536 1612 passuum
553 1518 608 1589 via
622 1517 858 1609 fatigationem
873 1520 981 1600 elicit3
996 1530 1118 1589 contra
1131 1533 1252 1590 autem

165 1647 239 1715 solo
255 1653 401 1735 aspectu
422 1641 480 1712 via
500 1642 634 1731 longior
654 1642 788 1732 fatigat,
808 1643 874 1713 etsi
903 1645 1003 1733 plana
1024 1641 1079 1711 sil.
1102 1642 1146 1712 Et
1165 1641 1252 1734 quid

166 1767 288 1857 putas?
308 1765 434 1854 Magna
455 1784 537 1854 pars
558 1764 645 1833 lucis
666 1773 743 1834 acta
768 1777 824 1834 est
848 1763 943 1834 falsis
971 1762 1005 1831 in
1032 1762 1187 1852 gaudiis,
1215 1764 1253 1834 in

165 1884 343 1957 laboribus
363 1885 472 1966 veris,
487 1885 581 1954 inter
604 1906 686 1979 spes
708 1884 907 1977 ambiguas,
933 1885 1023 1954 inter
1042 1893 1136 1955 certa
1158 1885 1253 1978 peri·

166 2009 262 2089 eula3
287 2018 323 2079 et
349 2008 557 2102 quantulum
589 2019 644 2079 est
675 2008 770 2100 quod
803 2010 935 2078 restat?
960 2006 1250 2098 Advesperascit,

166 2129 249 2199 mibi
269 2128 388 2200 crede:
402 2128 488 2200 dum
501 2128 762 2199 confabulemur
774 2140 809 2199 et
824 2129 1135 2222 circumspicimus
1152 2138 1252 2200 trau·

165 2250 210 2321 sit
229 2251 306 2321 dies
327 2273 396 2322 non
418 2250 648 2320 sentientibus
669 2249 781 2321 nobis.
804 2250 1045 2344 Respiciamus
1059 2251 1104 2321 ad
1118 2253 1250 2322 solem:

165 2371 269 2444 finem
297 2375 423 2445 adesse
448 2371 660 2453 videbimus,
688 2374 749 2464 qui
774 2373 840 2444 etsi
861 2373 1115 2457 dissimuletur,
1133 2374 1254 2446 aderit

164 2506 294 2579 umen,
314 2507 351 2567 et
366 2494 461 2587 quod
482 2496 657 2587 plerisque
677 2494 854 2566 viantibus
872 2495 1009 2578 accidit,
1033 2496 1075 2565 iis
1097 2514 1253 2587 praeser-

168 2620 227 2690 tim
248 2619 309 2712 qui
328 2618 520 2705 vehuntur,
547 2631 627 2690 ante
651 2630 873 2713 expectatum
903 2621 1030 2712 hospes
1056 2619 1122 2689 erit
1146 2619 1183 2690 in
1210 2621 1254 2693 li·

165 2741 272 2823 mine,
288 2752 392 2833 atque
413 2743 532 2811 ultima
553 2763 617 2810 nos
633 2741 760 2813 domus
777 2742 939 2833 excipiet.
960 2741 1121 2812 Eundum
1143 2740 1254 2831 igitur

164 2862 325 2932 alacriter
348 2873 385 2933 et
408 2873 523 2943 caute,
547 2862 756 2954 invictisque
781 2861 907 2931 animis
935 2862 1069 2932 viarum
1093 2863 1254 2954 reliquiae

163 2983 388 3078 peragendae,
408 3004 450 3055 ao
467 3002 529 3076 spe
547 2982 673 3072 quietis
695 2980 964 3074 permulcendos
982 2983 1088 3053 labor.
1103 2985 1147 3052 Et
1159 3006 1252 3076 quo-

166 3104 256 3175 niam
279 3104 346 3175 fruc
360 3103 534 3195 loquendo
544 3103 780 3196 pervenimus,
801 3103 855 3172 ille
875 3101 956 3172 mihi
974 3127 1019 3174 ex
1042 3107 1159 3176 multis
1173 3107 1253 3178 via·

165 3238 278 3296 torum
300 3246 376 3297 mos
402 3224 581 3319 probatur,
608 3223 668 3314 qui
695 3222 844 3315 hospitio
866 3227 1137 3318 propinquantes
1162 3239 1252 3300 eunt

165 3350 309 3434 lentius,
326 3361 362 3418 ut
374 3347 501 3419 diurno
516 3357 607 3417 aestu
621 3348 789 3418 collectus
808 3349 925 3417 ferror
940 3357 1161 3441 temperetur.
1182 3350 1250 3420 lta·

165 3493 234 3561 que
254 3470 299 3541 de
319 3469 489 3542 industria
511 3469 659 3559 gradum
682 3479 813 3551 tonent,
840 3471 1082 3562 fumantesque
1110 3473 1250 3544 frenant

165 3613 290 3681 equos,
313 3604 417 3683 atque
438 3589 486 3660 ita
507 3590 799 3681 perveniuntque
820 3592 1029 3682 pergebant,
1051 3603 1087 3660 ut
1106 3594 1198 3662 nulla
1212 3593 1248 3663 in

166 3724 263 3802 parte
282 3713 431 3804 vestigia
449 3712 678 3784 festinationis
691 3714 876 3782 emineant.
893 3714 936 3783 lit
954 3735 1017 3782 nos
1035 3717 1095 3803 qui
1110 3715 1250 3784 ferven-

168 3833 258 3901 tibus
281 3836 405 3906 animis
427 3859 487 3928 per
507 3834 752 3906 adolescentiae
775 3839 951 3927 pulvorem
976 3834 1128 3904 iuventae
1149 3857 1249 3905 rnon·

167 3965 245 4022 tana
268 3957 509 4048 transivimus,
532 3958 601 4028 iam
617 3960 718 4048 plano
738 3968 773 4024 el
794 3957 904 4027 solido
926 3955 1060 4037 redditi,
1079 3967 1250 4050 tempere-

168 4093 243 4143 mus
277 4072 455 4158 ardorem,
490 4079 665 4148 frenemus
698 4075 880 4167 impetum,
908 4086 943 4143 cl
971 4073 1014 4143 nd
1053 4075 1154 4146 frnem
1197 4079 1248 4146 sic
