2670 4688
121 309 180 369 llll
581 311 745 362 vastarunt

122 482 268 557 genere,
302 458 406 531 modo
438 456 537 543 mihi,
571 455 667 550 quod
699 475 804 549 spero
845 457 1006 550 quidem
1044 473 1085 534 et
1119 464 1225 558 cupio,

122 583 264 679 gloriosi
300 581 456 675 principii
489 578 785 674 perseverantiam
817 601 892 651 non
928 585 1097 675 negetis.
1131 586 1226 681 Apol·

122 710 212 780 linea
236 708 348 778 fronte
374 703 554 775 redimitus
580 701 749 774 disertum
776 708 886 794 atque
916 705 1041 777 altum
1067 709 1224 780 Helicona

123 827 329 925 penetrabo:
355 827 422 897 illic
442 826 630 897 Castalium
653 824 698 896 ad
719 826 863 905 sontem,
894 826 1022 899 Musis
1052 830 1104 901 ab
1129 830 1225 903 exilio

124 951 309 1035 revocatis,
332 949 375 1021 ad
399 968 599 1019 mansuram
618 945 739 1038 gloriae
758 928 895 1016 vestrae
924 954 1155 1023 memoriam
1176 973 1224 1023 so

124 1076 263 1146 cantius
283 1069 412 1163 aliquid
432 1092 551 1141 canam
567 1069 662 1162 quod
680 1068 817 1158 longius
833 1068 1023 1142 audietur.
1046 1074 1153 1159 Vale,
1172 1075 1224 1145 Vir

125 1196 323 1279 fortissime,
338 1193 467 1276 Valete,
480 1190 554 1263 Viri
567 1192 699 1285 optimi,
715 1191 809 1271 Vale,
824 1190 1106 1281 gloriosissima
1119 1196 1224 1293 Septi·

125 1320 233 1390 collis.

619 1462 700 1477 u

518 1654 696 1721 EPISTOLA
718 1655 810 1719 XLIX.

202 1824 397 1875 FRANCISCUS
418 1821 587 1873 Paresaca
607 1821 758 1871 BARBATO
778 1820 983 1874 SULMONENSI
1005 1825 1036 1876 S.
1060 1828 1093 1877 Ρ.
1119 1832 1153 1881 D.

159 1964 341 2021 Commendat
354 1963 380 2018 ei
394 1962 524 2030 Laelium,
540 1965 568 2015 et
582 1959 666 2014 mittit
680 1958 829 2014 secundam
845 1974 880 2014 ex
895 1958 1012 2032 Eglogis
1028 1968 1096 2024 suis
1112 1971 1197 2026 cuius

424 2067 554 2107 arcanam
569 2051 658 2121 aperit
672 2049 908 2121 significationem.

225 2291 290 2363 Pro
321 2289 387 2362 hoc
416 2301 485 2363 tam
518 2288 602 2361 mihi
634 2291 816 2389 carissimo
847 2292 1223 2401 coniunctissimoque

127 2413 248 2498 Laelio,
269 2436 374 2508 quem
393 2414 528 2487 Lellum
549 2413 640 2486 Petri
661 2413 825 2506 Stephani
846 2416 953 2506 vulgo
973 2413 1127 2511 dieunt,
1151 2453 1223 2502 mo-

128 2539 248 2612 dernae
278 2537 418 2633 quidem
453 2538 517 2610 sed
547 2557 730 2630 generosae
764 2559 919 2609 romanae
955 2539 1141 2634 originis,
1184 2576 1224 2626 ac

127 2675 342 2756 pervetustae
374 2685 526 2756 vereque
558 2682 712 2735 romanae
744 2661 868 2733 indolis
901 2663 995 2750 viro,
1032 2674 1138 2762 apud
1180 2688 1220 2762 te,

127 2787 242 2872 trater,
264 2807 385 2879 preces
406 2807 503 2857 meas
528 2786 655 2857 lundo:
675 2806 808 2878 perque
832 2785 993 2857 amicitiae
1012 2785 1132 2867 fidem
1156 2801 1223 2874 οι).

128 2931 238 2994 secro,
255 2911 336 2981 utin
357 2909 400 2980 iis
420 2929 501 3004 quae
519 2908 683 2980 dominus
704 2906 892 2979 Tranensis
910 2908 1220 3016 archiepiscopus

129 3055 234 3126 super
253 3031 401 3124 negotiis
420 3032 497 3102 eius
511 3028 571 3101 tibi
584 3030 722 3114 dixerit,
745 3033 847 3103 talem
872 3041 903 3104 te
920 3030 1099 3111 exhibeas
1126 3068 1221 3138 qua.

129 3156 195 3226 lem
221 3155 256 3223 in
286 3152 371 3224 meis
406 3153 652 3246 promovendis
672 3153 863 3227 commodis
884 3165 988 3246 atque
1009 3155 1219 3242 honoribus

128 3277 325 3349 exhiberes.
347 3275 390 3346 Et
409 3276 505 3370 quod
525 3277 586 3348 tibi
607 3276 722 3350 scribo
742 3277 871 3372 Iupiter
895 3285 1014 3348 noster
1034 3290 1218 3379 egregins

128 3400 194 3471 sibi
220 3401 360 3471 demum
395 3413 433 3472 nt
465 3401 611 3494 accipiat
634 3421 768 3494 quaeso,
783 3401 848 3472 vcui
870 3421 970 3473 suum
991 3401 1215 3486 Mercurium

129 3526 387 3611 recommendo,
422 3525 505 3596 nihil
542 3526 677 3618 paterni
710 3523 764 3596 sui
797 3547 839 3597 ao
871 3525 1034 3598 dominici
1065 3529 1214 3625 imperii

130 3658 359 3719 recusantem.
380 3647 482 3729 Vale,
505 3647 552 3716 mi
572 3646 688 3717 irater.

228 3771 289 3841 Hic
309 3793 366 3842 me
385 3771 526 3855 Laelius,
553 3769 715 3863 quamvis
737 3771 883 3863 segnitie
902 3769 1052 3864 quadam
1079 3796 1130 3846 ex
1157 3779 1212 3851 la-

130 3893 233 3962 stidio
254 3915 369 3964 rerum
391 3894 569 3965 curialium
587 3891 745 3978 suborta,
765 3906 800 3965 et
817 3893 1081 3986 occupationum
1101 3904 1209 3989 gravi

130 4015 264 4085 sarcina
284 4027 500 4090 recusantem
516 4019 691 4113 compulit,
705 4030 743 4091 nt
755 4016 899 4090 bucolici
913 4016 1087 4104 carminis,
1106 4023 1209 4113 quod

129 4140 163 4209 in
185 4133 368 4211 solitudine
389 4161 467 4212 mea
486 4140 580 4236 apud
598 4142 731 4216 Vallem
752 4141 911 4216 clamem
931 4137 1015 4210 mihi
1035 4162 1152 4235 nuper
1168 4145 1206 4218 in
