2834 5086
321 343 413 390 nitran
437 342 598 391 rrcnsmus
620 342 1005 392 suesanus-unierunt
1030 345 1090 393 uu.
1184 333 1241 393 tis>

163 484 407 578 occupationes
427 487 661 578 vctproierre
682 486 739 556 vel
761 483 904 576 fingere.
925 484 1017 568 Quid
1042 499 1075 559 te
1098 491 1242 559 moror?

164 604 201 674 Si
220 605 367 698 fregisse
380 627 437 677 me
454 606 502 676 ilii
517 606 664 677 tunicam
681 618 789 699 putas,
806 588 946 695 tabuiis,
960 606 1045 678 Sino
1057 608 1239 692 bominem,

164 727 275 798 laeticr
293 748 400 820 qoam
415 729 477 819 qui
493 726 648 799 febribus
671 720 873 800 liberantur.
887 720 1082 812 baborasti,
1095 726 1164 827 non
1175 730 1243 801 du-

164 849 279 933 bitem,
302 873 360 921 me
380 850 612 942 toquente‚'et
637 851 682 920 de
708 847 776 920 bne
797 848 926 921 dubios
949 840 1153 945 pependisti.
1175 852 1244 923 Sed

166 985 203 1045 ut
215 974 355 1067 dempta
382 960 599 1067 solicitudine
611 973 679 1044 iam
695 973 773 1042 hino
786 971 999 1042 iucunditate
1016 973 1119 1051 simul
1140 981 1245 1065 atque

166 1096 297 1167 invidia
311 1097 482 1187 repleam,
495 1116 565 1164 non
578 1095 625 1164 ita
639 1097 748 1167 multe
765 1104 854 1186 pest,
870 1092 956 1163 bora
977 1093 1035 1163 iiia
1053 1113 1136 1184 quae
1152 1094 1245 1185 apud

166 1227 307 1286 veteres
330 1217 441 1310 prima
461 1217 519 1286 fax
540 1215 681 1298 dicitur,
705 1214 908 1307 supervenit
928 1227 1046 1286 noster
1067 1206 1248 1286 itieieetis-

168 1337 277 1407 simus
299 1338 488 1409 hominum.
513 1336 583 1406 Oh!
600 1347 731 1429 quanta
743 1337 947 1409 diversitas!
964 1338 1103 1408 Nullum
1118 1338 1246 1408 animal

166 1481 268 1553 reque
286 1472 324 1532 ut
345 1459 448 1532 bomo
465 1483 485 1531 a
506 1482 545 1531 se
565 1461 644 1554 ipso
663 1461 792 1531 differt:
814 1463 902 1533 alter
918 1461 1064 1543 nullius,
1088 1462 1176 1531 aiter
1195 1461 1248 1529 in·

167 1578 254 1650 finiti
270 1583 370 1674 pretii
387 1593 451 1653 est.
475 1583 607 1655 Mutata
632 1591 772 1675 repente
789 1580 915 1652 domus
933 1583 1048 1664 facies,
1065 1580 1247 1674 timerique
1303 1577 1304 1580 ’

166 1714 316 1796 coeptum
331 1705 425 1797 quod
437 1716 593 1798 optatum
609 1707 728 1787 iuerat,
743 1725 787 1775 ne
801 1724 869 1795 qua
883 1702 929 1772 itti
944 1703 1077 1774 scilicet
1092 1702 1247 1775 abeundi

167 1829 225 1898 vel
246 1828 439 1899 necessitas
456 1837 553 1898 esset
569 1828 626 1897 vei
647 1828 799 1906 occasi03
820 1836 856 1895 et
877 1825 1016 1918 vesperi
1036 1836 1072 1895 et
1094 1824 1248 1896 nubibus

167 1959 256 2019 aetae
270 1949 403 2039 gratiae,
418 1948 547 2041 quibus
562 1948 689 2041 hospes
707 1949 784 2018 talis
798 1969 933 2043 pernox
951 1945 1025 2023 fieri
1039 1944 1169 2016 debuit:
1186 1969 1250 2016 nec

169 2090 254 2141 sane
271 2070 499 2162 compedibus
512 2092 600 2162 opus
620 2080 711 2142 erat:
732 2090 803 2140 ocu
819 2090 886 2159 ego
907 2066 1045 2138 tenendi
1064 2066 1248 2147 hominem,

168 2214 273 2286 qoam
284 2193 397 2264 standi
412 2194 467 2262 ille
479 2195 647 2288 cupidior.
663 2194 783 2285 ltaque
797 2189 897 2263 nobis
912 2211 980 2261 oon
996 2188 1099 2261 modo
1112 2197 1250 2260 noctem

168 2316 279 2399 utam,
299 2315 362 2385 sed
381 2316 640 2406 complusculos
661 2315 736 2385 dies
755 2316 855 2384 laetos
873 2310 1032 2407 praebuit.
1053 2311 1123 2382 Sed
1144 2311 1251 2381 habet

168 2436 235 2506 boc
255 2434 396 2503 insitum
418 2446 538 2504 nostra
558 2436 692 2515 taetitia:
721 2432 838 2503 subito
862 2432 1005 2512 desinit,
1033 2443 1069 2501 et
1091 2453 1170 2503 cum
1192 2431 1252 2503 de·

172 2553 270 2624 sierit
289 2555 384 2622 nulla
403 2563 475 2634 est,
497 2565 533 2621 et
553 2553 703 2645 idipsum
723 2552 797 2622 fieri
816 2563 948 2644 posset,
968 2552 1036 2621 nisi
1054 2553 1183 2622 laetitiae
1203 2555 1253 2623 Ιο-

172 2696 250 2745 cum
271 2672 369 2744 doior
394 2672 585 2744 invaderet.
607 2675 667 2744 lile
686 2672 782 2755 abiit,
810 2694 879 2764 ego
904 2672 1072 2744 deiectier
1091 2694 1196 2765 quam
1223 2675 1252 2744 si

173 2797 345 2868 bominem
364 2816 431 2868 nun
445 2796 624 2881 vidissem,
645 2794 794 2867 substiti.
809 2798 859 2867 lta
873 2796 966 2868 dictu
982 2793 1145 2879 mirabile,
1160 2795 1254 2889 quod

171 2917 244 3003 ibic¹
259 2916 358 2990 timui
380 2919 435 2991 bic
455 2920 608 3013 speravi,
631 2930 669 2991 et
692 2943 762 3013 quo
788 2920 844 2990 iile
865 2921 1000 3002 laetum,
1023 2918 1089 2991 hcc
1109 2917 1177 2990 iste
1198 2941 1254 2988 me

173 3016 335 3114 mtd'atum
354 3045 443 3116 tacit.
463 3034 548 3117 Vale
568 3045 679 3117 nostri
698 3066 841 3118 memor.

590 3428 834 3593 nrrsrdnipx.

330 3630 524 3713 ruuupmaus
545 3638 715 3717 Parauaea
732 3602 873 3687 ieonum
895 3608 1002 3686 sou's.
1023 3638 1052 3699 r.
1074 3637 1104 3684 n.

451 3744 462 3771 a
1018 3754 1023 3761 .

315 3788 417 3843 Narrat
432 3805 461 3841 se
474 3787 582 3841 reniam
595 3787 704 3841 cuidam
719 3787 784 3842 licet
797 3787 938 3842 immerito
953 3784 1112 3847 indulsisse,

273 4030 383 4100 Homo
404 4027 553 4099 blandus
571 4037 606 4095 et
626 4025 747 4108 suliax,
768 4023 931 4115 idemque
958 4025 986 4095 si
1009 4026 1111 4097 liccat
1130 4037 1166 4097 et
1188 4026 1261 4097 vio-

177 4150 289 4223 lentus
309 4166 341 4223 et
364 4150 496 4234 minax,
519 4171 625 4241 quem
655 4171 789 4221 metrum
812 4148 943 4219 exitum
972 4148 1144 4221 invenerit
1165 4168 1264 4239 quac-

301 4281 338 4320 ιιι.
1076 4272 1105 4319 tt)
