2834 5086
420 665 513 714 urana
534 662 709 712 vrcusruus.
722 682 758 691 -
771 662 924 711 sersrouu
947 663 985 709 ιν.
1206 650 1242 710 ll

165 805 247 875 dato
271 801 375 874 rebus
404 802 490 895 ipsis
515 800 645 871 efficaci
670 811 706 869 ct
733 809 856 872 ornato
880 810 916 872 et
948 809 1085 871 moturo
1110 799 1245 870 animos

164 925 303 1019 eloquio
323 927 558 1018 proferantur,
582 934 621 993 ut
640 941 743 993 nemo
763 923 880 993 mirari
906 922 1034 995 debeat
1053 922 1136 995 tanti
1163 924 1247 993 arti-

163 1047 233 1119 ficii
265 1050 502 1141 professorum
538 1065 677 1136 semper
712 1065 876 1135 magnam
904 1045 1014 1116 luisse
1052 1047 1243 1138 penuriam.

164 1171 285 1264 Neque
305 1172 397 1242 enim
415 1192 518 1241 unam
540 1189 623 1253 rem,
647 1166 712 1239 sed
732 1165 1003 1238 innumerabiles
1025 1165 1244 1258 profitentur,

164 1314 296 1387 easque
334 1314 402 1363 non
434 1302 473 1362 ut
502 1291 618 1362 caeteri
651 1290 849 1373 hominum,
884 1288 947 1359 sed
980 1288 1047 1358 alio
1080 1289 1247 1377 singulari

164 1426 200 1488 et
233 1417 373 1510 proprio
403 1413 555 1507 quodam
590 1411 712 1497 modo,
746 1422 781 1482 et
811 1433 917 1504 super
942 1410 1059 1480 omnia
1083 1413 1248 1502 eloquen-

165 1542 247 1612 tiam
280 1537 503 1629 exquisitam.
537 1536 624 1619 Quae
658 1535 687 1605 si
718 1555 780 1626 per
813 1556 852 1604 se
887 1536 961 1604 sola
993 1531 1246 1616 consideretur,

164 1664 295 1751 magua
314 1671 349 1730 et
361 1660 458 1729 varia
479 1680 536 1728 res
557 1669 620 1740 est
644 1679 708 1727 nec
722 1659 751 1726 si
766 1658 899 1728 Severo
917 1656 1040 1726 Cassio
1053 1655 1246 1737 credimus

164 1781 281 1853 adhuc
303 1782 359 1851 ulli
383 1784 433 1853 sic
453 1780 608 1864 indulsit,
632 1789 669 1849 ut
690 1788 761 1850 tota
780 1778 1008 1869 contingeret.
1031 1779 1069 1848 ln
1088 1776 1153 1847 hac
1172 1778 1250 1870 qui-

165 1904 245 1977 dem
270 1905 419 1976 oratoria
453 1904 628 1983 facultate,
664 1922 745 1995 quae
772 1903 876 1971 tantis
897 1924 944 1972 ex
965 1900 1072 1971 rebus
1097 1909 1247 1984 constat,

165 2027 377 2098 excellentes
402 2023 510 2096 habiti
529 2047 655 2116 magna
677 2024 788 2115 gloria
807 2024 918 2108 luere,
936 2031 1051 2093 utnon
1079 2021 1250 2092 immerito

165 2159 201 2220 et
219 2148 321 2244 potiri
341 2170 457 2219 rerum
479 2148 514 2216 iu
540 2146 689 2218 dicendo
708 2155 744 2217 et
768 2143 901 2217 habere
922 2145 956 2214 in
979 2154 1150 2238 potestate
1177 2146 1251 2215 ani-

169 2288 245 2340 mos
277 2269 456 2340 hominum
489 2267 697 2338 dicerentur.
732 2269 789 2337 Ex
822 2268 888 2340 hoc
921 2289 1051 2357 genere
1076 2279 1132 2338 est
1157 2264 1251 2358 apud

168 2391 291 2463 Graios
323 2390 587 2473 Demosthenes,
623 2390 813 2475 Isocrates,
847 2402 882 2461 et
913 2389 1120 2459 AEschines:
1157 2387 1251 2479 apud

167 2523 306 2585 nostros
330 2521 446 2583 antem
472 2509 603 2593 Cicero,
626 2510 791 2595 Crassus,
818 2510 1006 2595 Antonius,
1034 2509 1165 2602 aliquot
1190 2509 1249 2579 alii

169 2646 360 2726 praeterea:
388 2631 451 2705 sed
483 2634 519 2703 hi
545 2645 614 2706 tres
639 2635 738 2705 facile
762 2633 990 2726 principatum
1020 2641 1160 2703 tenent:
1184 2632 1250 2702 etsi

168 2755 290 2826 lulium
312 2754 486 2824 Caesarem
513 2753 559 2824 ad
585 2776 758 2825 summam
779 2756 857 2825 eius
883 2754 1004 2844 gloriae
1024 2756 1080 2823 vel
1093 2753 1249 2836 venisse,

170 2875 265 2964 quod
284 2896 329 2942 ue
348 2875 467 2944 hostes
488 2876 626 2964 quidem
646 2877 701 2945 sui
721 2886 861 2965 negant,
880 2880 936 2948 vel
954 2890 1047 2948 certe
1064 2890 1250 2949 venturum

171 2992 280 3062 fuisse
309 3012 379 3064 nou
405 2993 451 3064 sit
473 2991 632 3076 dubium,
660 2995 728 3064 nisi
753 2996 848 3065 illum
876 2998 1110 3086 gerendarum
1136 3021 1251 3068 rerum

170 3114 352 3206 occupatio
366 3125 402 3186 et
418 3114 586 3186 bellorum
601 3113 699 3186 labor
716 3126 751 3186 et
763 3115 901 3209 pondus
920 3116 1054 3209 imperii
1068 3117 1253 3190 distraxis-

171 3245 258 3308 sent.
281 3238 412 3310 Deinde
432 3247 562 3321 autem,
581 3248 620 3308 ut
638 3257 733 3330 saepe
755 3239 788 3308 in
811 3260 950 3311 summo
970 3239 1089 3313 brevis
1107 3253 1163 3314 est
1179 3262 1253 3312 mo·
1274 3260 1278 3279 ·

171 3383 224 3446 ra,
245 3374 282 3432 et
301 3383 441 3455 semper
466 3361 575 3434 facilis
600 3360 809 3447 descensus,
833 3362 877 3433 ad
904 3366 979 3436 illos
1005 3365 1252 3440 descendendo

170 3496 374 3573 perventum
389 3496 455 3569 est,
474 3485 533 3576 qui
551 3484 689 3576 fastigio
706 3487 914 3578 eloquentiae
931 3489 1104 3573 derelicto,
1120 3491 1249 3562 nudam

172 3599 257 3671 iuris
278 3606 431 3677 notitiam
453 3608 583 3699 adepti,
599 3610 631 3677 in
646 3629 689 3678 ea
708 3609 850 3700 quidem
875 3612 1168 3683 excellentissime
1190 3612 1253 3682 sso-

172 3739 329 3795 ruerunt.
346 3726 423 3808 Quo
444 3730 477 3797 in
500 3751 627 3819 genere
648 3731 769 3802 Romae
785 3729 952 3802 Graeciam
973 3733 1126 3803 cessisse
1142 3734 1251 3804 notis-

172 3843 312 3915 simum.
334 3847 397 3915 llic
416 3869 540 3939 nempe
561 3862 643 3920 sunt
662 3850 719 3921 illa
741 3862 811 3922 luae
829 3852 1035 3943 professioni
1053 3854 1250 3925 veneranda

121 4053 124 4058 .
171 3965 324 4051 nomina,
339 3986 419 4057 quae
437 3988 502 4038 vos
515 3972 756 4064 antiquissima
775 3973 892 4044 soletis
909 3973 1052 4067 opinari,
1075 3994 1153 4044 oum
1171 3996 1250 4068 pro-

170 4088 355 4179 pemodum
377 4111 470 4160 nova
491 4093 560 4162 sint
579 4104 682 4185 atquo
705 4098 867 4175 recentia,
891 4095 997 4165 lulius
1018 4093 1153 4179 Celsus,
1177 4097 1251 4168 Sal-

170 4209 250 4281 vius
272 4212 435 4296 lulianus
455 4213 616 4284 Neratius
631 4215 779 4299 Priscus,
798 4217 959 4288 llinidius
971 4217 1096 4302 Verus
1112 4217 1251 4310 Salvius

169 4333 312 4417 ValenS,
333 4335 501 4407 Volusius
527 4334 714 4415 llletianus‚
738 4338 860 4430 Ulpius
886 4339 1080 4426 Marcellus
1101 4351 1136 4413 et
1153 4343 1252 4414 lavo-

171 4458 278 4541 lenus,
294 4460 510 4555 etScaerola
531 4459 661 4529 scilicet
680 4458 734 4529 ille
752 4456 993 4551 breviloquus:
1008 4487 1086 4534 nam
1102 4466 1156 4535 alii
1171 4478 1250 4535 ante

295 4590 331 4626 ru.
1081 4586 1095 4632 ι)
