2670 4688
542 309 695 361 arrsronn
719 314 794 363 xxrr.
1150 304 1209 368 355

127 447 190 520 ber
207 448 386 522 familiaris
413 448 524 521 hostis
551 473 651 525 meus
678 456 727 525 sio
757 457 792 525 in
827 477 882 528 me
908 479 1019 552 nuper
1039 459 1209 531 coniurati

126 582 349 656 exarserunt,
373 583 411 643 ut
431 573 461 645 si
479 576 594 667 paullo
609 578 664 646 vel
685 576 743 648 illa
769 577 890 662 acrior,
917 581 972 650 vel
993 581 1049 652 ille
1074 580 1210 673 longior

126 694 261 776 luisset,
284 697 486 787 oppressuri
512 698 640 770 luerint
665 698 913 772 hauddubie:
940 723 961 771 a
986 703 1099 795 primo
1115 705 1207 775 enim

127 815 172 885 ad
191 826 388 887 extremum
409 817 503 889 diem
523 819 558 888 in
578 819 761 912 grabatulo
793 844 872 893 meo
897 824 1052 895 vinclum
1087 846 1127 896 ac
1152 845 1208 897 se-

127 936 324 1008 mianimem
347 959 453 1033 prope
478 949 633 1014 tenuere.
661 945 813 1037 Tempus
835 944 951 1024 adluit
975 957 1010 1015 et
1030 967 1092 1017 aer
1111 944 1209 1017 blan·

127 1058 213 1140 dior,
247 1070 283 1130 et
314 1060 445 1132 mensis
480 1063 646 1135 amicior:
670 1065 798 1136 sensim
834 1066 938 1138 redeo
965 1066 1057 1138 unde
1082 1067 1208 1159 raptim

127 1182 257 1264 excidi,
293 1191 434 1276 lamque
459 1188 632 1259 nullarum
655 1188 770 1260 adhuc
801 1188 927 1259 virium
954 1210 1054 1273 sum,
1082 1197 1120 1259 ut
1145 1188 1208 1259 vix

127 1303 171 1373 ad
192 1305 412 1377 scribendum
437 1307 565 1400 digitos
591 1310 789 1402 explodam,
815 1311 879 1382 vix
905 1332 1075 1405 papyrum
1096 1311 1207 1402 expli-

125 1447 213 1510 cem,
237 1430 298 1499 vix
317 1432 488 1501 calamum
509 1451 663 1502 versem:
684 1410 798 1526 ipsam
821 1433 910 1505 iacet
930 1431 1104 1524 ingenium
1127 1451 1208 1523 pro·

125 1547 190 1638 prii
221 1552 372 1623 carceris
400 1553 632 1628 concussione
665 1554 850 1626 deiectum.
880 1555 949 1627 Sed
974 1562 1140 1645 assurget
1172 1551 1207 1622 in

124 1668 218 1755 dies,
241 1681 277 1743 et
298 1675 326 1744 si
348 1674 434 1746 illud
458 1676 562 1760 novi,
588 1673 649 1747 flet
673 1676 930 1748 intermissione
955 1676 1126 1769 vegetius.
1152 1675 1208 1745 ln·

125 1800 220 1863 terea
245 1805 359 1866 tamen
394 1797 458 1868 has
489 1799 627 1869 notulas
657 1800 778 1892 quales
810 1799 987 1872 excudere
1019 1806 1208 1893 potuerunt

124 1935 220 2006 aegra
256 1938 372 2002 mens,
404 1921 499 1989 lrons
532 1919 671 2012 pallida,
707 1942 833 1992 manus
859 1919 1039 1992 imbecillis
1071 1931 1107 1990 et
1136 1929 1207 1990 tre-

125 2041 240 2124 mula,
285 2060 387 2134 aequo
430 2044 546 2115 animo
584 2054 621 2115 ut
648 2045 831 2137 perlegas,
874 2043 998 2115 eadem
1046 2041 1207 2113 amicitiae

124 2163 179 2231 vis
212 2167 408 2257 compellet,
443 2186 525 2258 quae
559 2179 593 2237 te
632 2168 720 2239 adeo
760 2166 931 2237 solicitum
957 2164 1206 2257 ardentemque

122 2286 369 2358 coacervandis
394 2290 575 2383 opusculis
601 2292 688 2361 meis
720 2291 814 2373 lecit,
850 2309 930 2381 quae
951 2298 990 2361 ul
1017 2307 1202 2368 memoras,

123 2406 168 2478 ab
188 2408 379 2478 innumeris
399 2419 435 2478 et
454 2409 578 2478 mirum
600 2408 634 2478 in
661 2410 802 2480 modum
823 2408 946 2500 patria,
975 2409 1130 2479 moribus
1164 2426 1207 2477 ac

126 2528 338 2619 professione
358 2526 570 2599 distantibus
592 2528 809 2600 mendicasli.
838 2527 960 2622 Stupui
981 2526 1137 2609 audiens,
1160 2528 1207 2598 sit

125 2650 203 2720 licet
233 2647 490 2721 benevolentiae
518 2649 671 2742 antiquae
702 2670 817 2719 novus
848 2659 989 2743 stupor3
1020 2657 1123 2718 vetus
1150 2647 1206 2718 hic

124 2791 201 2843 mos
228 2769 301 2841 tibi:
324 2769 406 2840 mihi
436 2780 576 2864 propter
602 2770 896 2863 perseverantiam
918 2768 1205 2861 admiratioque

126 2896 208 2967 tidie
241 2915 362 2966 recens
395 2904 464 2977 est,
498 2895 593 2988 quod
614 2896 660 2966 ita
687 2893 771 2964 nihil
792 2892 927 2965 affectui
955 2903 1013 2964 tuo
1045 2891 1207 2964 detrahat

124 3030 246 3092 cuncta
267 3041 477 3092 consumens
496 3029 594 3091 aetns.
610 3017 745 3101 Quibus
759 3028 874 3089 antem
896 3015 1002 3089 armis
1017 3037 1124 3097 amor,
1146 3022 1206 3086 aul

124 3143 252 3234 quibus
272 3142 407 3214 viribus
427 3145 636 3225 vinceretur,
658 3164 761 3234 quem
784 3161 848 3212 seu
868 3141 1020 3222 vincere,
1044 3160 1107 3209 seu
1130 3136 1206 3208 viu·

124 3263 328 3347 cireomnia,
338 3276 551 3336 secretorum
566 3273 701 3336 nalurae
713 3265 873 3336 conscius
885 3263 990 3333 Poeta
1002 3257 1207 3331 confirmat?

125 3386 441 3471 Quintusdecimus,
464 3387 532 3457 nisi
561 3388 675 3470 lallor,
697 3407 810 3457 annus
832 3385 959 3476 agitur,
983 3405 1029 3453 ex
1051 3402 1121 3473 quo
1141 3380 1205 3451 im·

125 3511 304 3582 mortalem
326 3509 531 3591 amicitiam,
563 3518 598 3579 el
621 3510 704 3581 vitae
718 3517 856 3610 nostrae
882 3505 1011 3577 finibus
1033 3527 1102 3575 nou
1121 3523 1205 3574 oon·

126 3643 256 3706 tentam
278 3630 541 3704 saluberrimam
563 3631 607 3702 ad
629 3629 787 3703 umbram
817 3639 956 3727 pastore
984 3625 1117 3718 gregis,
1145 3626 1205 3696 sil-

123 3780 250 3850 vaeque
271 3755 411 3828 domino
433 3768 513 3826 tuno
540 3755 635 3847 Argo
654 3752 800 3825 dextras
821 3753 1001 3842 iungente‚
1028 3749 1206 3820 contraxi-

126 3904 216 3954 mus.
239 3882 328 3950 Ecce
349 3877 441 3949 idem
469 3877 571 3949 hodie
597 3877 798 3948 miratores
821 3896 937 3945 rerum
961 3894 1130 3955 mearum,
1144 3871 1205 3963 qui

127 4013 208 4076 tunc
228 4006 354 4074 lucras.
390 4001 513 4072 Mirum
540 4010 575 4070 et
606 4019 752 4091 prorsus
778 3996 1015 4089 impossibile,
1038 3994 1068 4065 si
1090 4002 1203 4064 tamen

127 4126 320 4210 meminus,
335 4139 395 4201 aut
410 4136 443 4199 te
456 4127 556 4200 solito
568 4127 649 4219 plus
662 4143 808 4195 amares.
823 4122 939 4194 Minus
951 4119 1044 4191 enim
1058 4140 1098 4192 se
1110 4119 1205 4211 ipsos
