2670 4688
331 313 425 364 Llllssll
446 312 621 364 vacuemus.
635 335 673 346 -
682 315 838 368 tumerent
860 319 880 367 l.
1129 307 1145 366 7

65 456 181 548 omnia
199 455 268 528 iam
287 476 336 527 ex
355 473 442 524 auro
463 463 561 536 sunt,
583 462 620 523 et
636 451 763 540 hastae,
785 466 821 528 et
839 457 966 552 clypei,
993 465 1029 529 et
1054 477 1148 529 com-
1232 504 1236 510 -

64 582 188 678 pedes,
207 591 244 653 et
259 598 421 654 coronae:
444 579 511 650 hoc
529 585 565 649 et
579 578 761 664 comimur,
779 588 815 649 et
831 581 996 672 ligamur,
1010 580 1076 655 hoc
1093 577 1148 650 di-

65 708 157 778 vites
178 724 315 789 sumne,
337 703 404 774 hoc
422 703 561 795 inopes,
582 698 650 775 hoc
669 702 801 785 felices,
832 704 898 777 hoc
923 706 1054 778 miseri.
1076 704 1148 777 Au-

65 853 142 901 rum
165 831 298 901 solutos
317 826 439 911 vincit,
462 825 598 897 vinctos
620 825 739 908 solvit,
767 848 892 897 aurum
919 841 1036 902 sontes
1061 829 1148 903 libe

65 961 132 1033 rat,
155 951 297 1023 damnat
316 948 493 1034 innoxios,
515 969 640 1020 aurum
660 947 811 1020 disertos
828 970 874 1021 ex
895 950 1017 1032 mutia,
1035 971 1082 1022 ex
1095 951 1148 1023 di·

63 1073 270 1145 sertissimis
287 1079 403 1140 mutos
424 1069 547 1142 reddit.
569 1065 666 1142 Auro
679 1072 905 1143 concionatus
919 1082 975 1144 est
987 1072 1148 1146 Metellus

64 1194 99 1265 in
116 1196 306 1277 Caesarem,
322 1211 408 1263 auro
419 1191 673 1263 Demosthenes
687 1202 803 1266 orator
816 1193 998 1265 obmutuit.
1014 1193 1148 1267 Aurum

63 1318 161 1389 etde
178 1315 290 1388 servis
311 1315 503 1409 principes,
521 1322 558 1386 et
573 1314 618 1387 de
636 1314 850 1409 principibus
865 1337 989 1389 servos
1003 1318 1097 1401 lacit,
1113 1325 1150 1387 et

63 1439 254 1512 audacibus
273 1451 418 1522 metum,
445 1438 583 1533 pavidis
608 1437 743 1530 praehet
767 1438 963 1523 audaciam,
985 1449 1021 1512 et
1044 1460 1148 1512 ouras

63 1562 246 1647 inertibus,
269 1562 484 1654 solicitieque
513 1560 706 1653 segnitiem.
729 1561 804 1632 Hoc
817 1570 854 1632 et
870 1562 1023 1635 inermes
1036 1573 1148 1635 armat

62 1692 99 1754 et
114 1683 223 1755 nudat
242 1694 409 1766 armatos,
431 1680 616 1753 indomitos
634 1681 743 1753 duces
764 1680 895 1767 domat,
919 1703 1067 1776 magnos
1083 1704 1147 1777 po-

62 1806 162 1898 pulos
183 1807 320 1897 premit,
343 1804 478 1877 validos
499 1803 612 1875 fundit
629 1805 822 1889 exercitus,
836 1804 928 1876 bella
941 1805 1147 1897 longissima

61 1927 182 2023 paucis
203 1926 299 1998 horis
324 1925 475 2012 conficit,
507 1948 627 2019 pacem
654 1936 799 2022 praestat
825 1938 862 1998 et
890 1927 1006 2020 eripit,
1040 1926 1148 1998 siccat

62 2051 219 2136 llumiua,
243 2061 353 2124 terras
374 2053 513 2137 lustrat,
536 2053 646 2126 maria
667 2051 832 2136 concutit,
855 2059 992 2122 montes
1012 2059 1144 2143 aequat,

59 2174 183 2269 pandit
201 2176 317 2249 aditus
338 2178 585 2262 claustrorum,
608 2174 714 2248 urbes
736 2173 951 2268 aggreditur,
967 2182 1148 2267 expugnat

60 2319 180 2382 arces,
203 2298 328 2391 oppida
349 2297 550 2370 demolitur:
572 2307 609 2368 et
633 2296 729 2390 quod
754 2297 847 2393 apud
868 2296 1071 2368 Ciceronem
1098 2298 1147 2368 le-

60 2420 193 2512 gimus:
214 2422 332 2492 nullus
352 2421 450 2491 sortis
471 2429 527 2491 est
550 2422 648 2492 locus
680 2420 716 2490 in
748 2443 853 2512 quem
886 2431 1034 2493 onustus
1059 2441 1146 2493 auro
1234 2496 1238 2504 ,

60 2541 192 2608 asellus
210 2557 279 2607 non
298 2538 410 2627 possit
430 2539 631 2608 ascendere.
653 2537 787 2608 Aurum
809 2540 922 2608 claras
940 2553 1040 2631 parat
1060 2540 1146 2610 ami-

62 2659 173 2741 citias,
197 2678 343 2749 magnas
372 2656 550 2728 clientelas
580 2668 616 2727 et
640 2656 789 2727 honesta
813 2656 989 2748 coniugia,
1017 2660 1145 2754 quippo

59 2781 153 2876 quod
173 2799 365 2875 generosos
381 2789 417 2852 et
437 2780 543 2852 fortes
561 2789 597 2850 et
616 2777 737 2850 doctos
750 2788 786 2851 et
798 2780 969 2852 formosos
991 2791 1034 2866 et,
1049 2782 1145 2874 quod

59 2905 255 2989 miraberis,
280 2912 418 2976 sanctos
431 2901 557 2974 efficiat
570 2921 795 2995 possessores
817 2921 912 2973 suos.
940 2903 1059 2996 ltaque
1083 2907 1144 2999 qui

59 3029 187 3101 divites
200 3039 294 3114 sunt,
309 3027 392 3099 boni
407 3024 474 3097 viri
495 3024 529 3095 in
551 3023 750 3097 civitatibus
772 3028 1000 3120 appellantur,
1020 3028 1144 3121 eisque
1280 3057 1284 3064 ·

60 3158 192 3220 tantum
212 3150 375 3222 creditur.
397 3150 498 3221 Nulla
514 3146 604 3220 fides
624 3157 680 3220 est
699 3148 857 3244 pauperi,
880 3151 963 3242 quie
982 3151 1143 3254 pecuniae

59 3271 145 3342 nihil
166 3270 278 3354 adest,
295 3293 489 3366 verumque
502 3282 559 3344 est
575 3270 660 3343 illud
680 3271 843 3366 Satyrior':

61 3539 66 3552 ι
180 3461 334 3534 Quantum
350 3463 481 3543 quisque
497 3480 552 3527 sua
568 3478 771 3528 nummorum
787 3468 891 3526 servat
908 3461 940 3524 in
955 3477 1024 3525 arca

180 3559 310 3621 Tantum
325 3558 416 3627 habet
432 3567 462 3623 et
478 3561 558 3625 fidei.

59 3737 250 3817 Postremo,
272 3734 404 3806 invitus
426 3734 539 3806 dicam
561 3737 625 3809 sed
656 3737 789 3809 veritas
809 3735 916 3827 cogit,
943 3754 1013 3806 non
1037 3737 1142 3810 modo

60 3868 201 3952 potens,
223 3854 287 3929 sed
306 3856 526 3951 omnipotens
544 3879 635 3950 pene
654 3868 710 3929 est
726 3878 867 3941 aurum,
885 3866 922 3928 et
932 3857 1049 3929 omnia
1061 3877 1142 3951 quae

61 3978 128 4053 sub
148 3983 237 4054 coelo
253 3988 337 4052 suut
355 4001 442 4052 auro
462 3979 603 4061 cedunt;
624 4002 712 4052 auro
732 3981 890 4054 serviunt
908 3989 945 4053 et
970 3981 1081 4074 pietas
1105 3990 1142 4052 et

62 4102 226 4195 pudicitia
245 4115 281 4177 et
300 4102 401 4191 fides,
423 4103 538 4181 omnis
549 4105 702 4199 denique
718 4102 832 4186 virtue
844 4114 880 4177 et
894 4103 1005 4196 gloria
1016 4123 1140 4174 aurum
