2670 4688
521 306 675 357 arrsrotn
698 308 803 356 xuuu.
1139 293 1199 354 lab

126 452 277 534 tibustio,
316 471 464 541 quarum
502 452 633 521 nullum
667 469 779 538 genus
806 448 983 520 bourinum
1012 450 1201 543 pauperius

128 595 275 667 usquam
303 575 380 645 est?
405 571 459 640 An
485 591 533 642 ex
553 568 923 662 superabundantibus
947 569 1095 657 diuitiis,
1121 590 1202 663 quae

125 696 201 766 sine
220 695 323 786 furtis
343 716 384 766 ao
404 693 535 784 rapinis
557 691 681 763 sedare
701 695 827 763 famem
854 695 1057 784 nequeunt?
1077 692 1129 764 An
1151 692 1202 762 in·

125 819 218 910 genti
251 816 413 910 potentia,
434 836 516 907 quae
549 834 632 883 mox
664 826 702 884 ut
735 835 799 884 vos
825 814 891 883 viri
916 833 996 885 esse
1016 812 1201 905 coeperitis,

126 942 218 1011 nulla
247 939 337 1010 erit‘l
364 938 418 1007 An
438 938 593 1009 claritate
626 936 776 1009 nominis
798 937 855 1008 vel
875 934 1058 1027 sauguinis
1077 945 1114 1006 et
1131 934 1204 1004 lur-

125 1066 197 1133 tivo
230 1064 345 1131 lorsan
380 1071 439 1130 aut
470 1059 640 1159 praecario
664 1056 838 1129 domicilio
864 1056 1006 1149 gloriari
1034 1059 1204 1150 possunt?

125 1183 216 1266 Quid
237 1191 429 1253 astantem
450 1168 515 1252 cur
535 1182 689 1252 Romana
712 1180 874 1272 prosapia
896 1179 1112 1270 glorientur?
1137 1176 1204 1247 lm-

124 1302 375 1398 pudentissime
394 1313 508 1374 tamen
526 1302 562 1374 id
579 1301 722 1384 iaciunt,
742 1311 777 1371 et
793 1302 876 1393 qnia
893 1301 953 1372 diu
973 1322 1010 1372 se
1029 1302 1203 1371 llomanos

125 1447 204 1507 esse
228 1424 361 1496 mentiti
387 1433 483 1505 sunt,
513 1416 578 1494 ceu
609 1420 792 1494 mendacio
812 1421 1106 1515 praescripserint,
1133 1425 1203 1493 iam

124 1547 268 1616 Romani
291 1546 354 1616 sibi
376 1545 553 1629 videntur,
580 1544 720 1638 quodve
739 1557 851 1617 utrum
873 1545 947 1617 risu
964 1568 1009 1617 an
1026 1546 1204 1616 lachrimis
1303 1552 1305 1556 ’

123 1668 404 1763 prosequendum
440 1669 489 1741 sit
518 1668 637 1739 nescio
670 1666 769 1760 (nam
809 1668 1041 1739 Romanorum
1073 1666 1204 1738 civium

126 1792 224 1862 viluit
244 1789 394 1884 nomen),
409 1812 477 1861 non
491 1789 633 1862 Romani
655 1790 764 1870 cives,
785 1788 848 1860 sed
864 1789 1009 1860 Romani
1030 1788 1203 1882 principes

125 1915 353 2003 appellantur.
375 1913 444 1983 Sed
464 1913 579 1982 minus
602 1912 761 2002 indignor
778 1909 860 1982 dum
879 1933 941 1983 eos
959 1914 1063 1983 etiam
1081 1912 1203 1982 huma·

126 2035 245 2104 nitatis
265 2032 389 2104 oblitos
408 2033 523 2104 video.
551 2033 626 2104 Nou
648 2033 740 2103 enim
761 2032 964 2126 iampridem
985 2053 1029 2102 eo
1050 2031 1204 2102 vesanire

124 2165 331 2250 perventum
354 2165 424 2239 est,
448 2167 576 2227 utnon
598 2152 756 2226 homines
778 2153 841 2224 sed
861 2155 1022 2227 dominos
1045 2152 1112 2224 dici
1143 2172 1204 2222 ve·

124 2282 199 2350 lint.
233 2280 323 2350 Proh
359 2280 468 2347 netas!
503 2278 539 2346 ln
572 2298 642 2368 qua
681 2278 766 2348 urbe
792 2276 896 2348 divus
931 2277 1050 2347 Caesar
1082 2266 1204 2369 Augu·

126 2413 215 2480 stus,
249 2397 368 2468 mundi
404 2408 515 2467 rector
540 2418 581 2466 ac
607 2418 793 2487 regnorum
823 2400 978 2470 omnium
1004 2376 1204 2469 moderator

125 2521 240 2590 edicto
265 2519 377 2587 vetuit
403 2539 442 2587 se
467 2516 645 2586 dominum
679 2516 760 2600 dici,
794 2518 830 2587 in
863 2540 905 2590 ea
937 2541 1030 2588 nuno
1055 2517 1204 2588 mendici

125 2643 220 2710 sures
241 2636 342 2729 gravi
365 2657 402 2707 se
424 2636 551 2707 iniuria
571 2635 712 2707 affectos
734 2647 868 2729 munt,
896 2637 963 2708 nusi
988 2619 1120 2708 nomin
1143 2657 1202 2706 vo-

126 2771 257 2833 centur.
274 2760 325 2830 Ob
342 2758 573 2832 miserabilem
588 2761 736 2828 lortunae
749 2761 971 2850 vertiginem,
986 2759 1030 2831 ob
1044 2761 1204 2831 mutatio-

125 2905 205 2954 nem
244 2882 410 2976 lemporis
445 2882 647 2955 inauditam!
680 2882 919 2955 Discutiantur
952 2881 1099 2966 umbrae,
1132 2884 1204 2974 pel-

125 3008 239 3077 lantur
259 3026 414 3090 errores
439 3005 661 3099 perveniatur
682 3007 727 3077 ad
746 3027 881 3077 verum.
904 3007 1024 3078 Utrum
1045 3005 1203 3076 homines

126 3127 147 3196 ii
175 3128 245 3196 sint
277 3127 383 3198 totius
418 3126 565 3198 rationis
590 3138 755 3220 expertes
784 3129 933 3200 viderint
953 3129 1011 3220 qui
1033 3125 1204 3198 definitio

125 3244 229 3318 nibus
251 3269 365 3318 rerum
389 3244 552 3320 student:
577 3258 706 3319 utrum·
720 3248 862 3334 domini3
882 3268 957 3334 vos,
975 3271 1124 3342 quorum
1145 3268 1203 3320 res

125 3368 253 3458 agitur,
271 3369 445 3454 videritis,
466 3369 549 3442 dum
570 3371 799 3441 memineritis
820 3372 855 3441 in
875 3370 998 3442 eadem
1021 3370 1105 3442 urbe
1126 3370 1201 3442 illos

126 3493 228 3562 simul
257 3491 418 3563 dominos
452 3505 487 3565 et
519 3514 584 3564 vos
618 3490 746 3565 liberos
767 3513 848 3566 esse
869 3515 937 3564 non
960 3515 1074 3589 posse.
1101 3493 1201 3578 Quod

124 3637 232 3685 unum
254 3613 401 3685 definire
430 3637 547 3686 mcum
568 3626 643 3699 est,
666 3627 758 3687 certe
781 3613 927 3687 'Romani
949 3615 1106 3688 homines
1133 3636 1200 3686 non

125 3748 215 3810 sunt.
238 3740 369 3809 Horum
392 3741 560 3822 omnium,
583 3760 672 3830 quos
695 3740 787 3810 inani
805 3736 993 3810 nobilitatis
1017 3739 1113 3809 titulo
1130 3750 1200 3810 tam

124 3861 322 3932 fastidiosos
357 3858 544 3944 videbatis,
580 3860 821 3952 undecumque
853 3863 1023 3944 venerint,
1045 3860 1200 3953 quolibet

126 3984 247 4054 infelici
268 3994 374 4054 vento
390 3981 494 4053 delati
514 3983 599 4067 sint,
620 4000 851 4075 quaecumque
872 3985 948 4053 illos
972 3983 1104 4056 miserit
1119 3981 1197 4054 bar-

125 4100 255 4190 baries,
277 4108 439 4198 quamvis
476 4108 550 4176 loro
579 4117 700 4175 vestro
724 4104 1011 4191 obversarentur,
1036 4109 1197 4199 quamvis
