2834 5086
625 618 791 671 t·tttt.tttt·tt

177 822 211 849 ,.
327 790 476 859 intonui·
504 760 560 831 ret
587 760 789 851 loquentem
818 765 933 836 audio.
953 763 1097 851 illucet
1116 764 1264 856 episto-

164 938 200 967 ,1.
301 918 434 963 nurum
457 890 524 955 ista
543 880 727 973 cupiditas,
749 894 786 956 et
804 884 985 978 prolixitas
1006 905 1179 955 mearum.
1200 884 1263 954 lu-

296 1040 374 1085 ·...rn
403 1011 559 1085 asellum
592 1004 752 1097 alloquor
775 1020 808 1079 te
828 1008 911 1080 dum
933 1006 1059 1088 scribo,
1081 1005 1194 1078 audio
1221 1016 1281 1091 le,

294 1138 451 1225 pstulat<
484 1142 562 1199 tuas
593 1127 688 1217 legm
721 1132 907 1223 utrobique
935 1141 967 1202 te
991 1128 1109 1211 audio,
1134 1138 1258 1201 tecum

281 1258 387 1327 :tellio
418 1274 505 1327 sane
529 1247 611 1341 quia
639 1250 771 1322 serium
798 1253 883 1323 nibil
905 1264 992 1337 erat,
1014 1261 1050 1322 et
1070 1249 1257 1322 intermis-

167 1414 282 1451 ,ω
308 1378 486 1475 neupatts
515 1371 641 1442 animis
674 1396 744 1445 non
778 1377 895 1446 minus
926 1396 1030 1468 quam
1063 1372 1257 1445 exhaustis

173 1542 259 1593 ,μω
284 1504 386 1573 utiles
406 1521 488 1573 esse
511 1497 637 1577 solent,
658 1518 765 1568 aures
785 1500 920 1590 magnis
937 1497 1044 1569 rebus
1062 1516 1257 1589 parumper

174 1644 300 1695 „natos
334 1646 404 1695 non
438 1622 612 1692 inamoeno
634 1619 780 1692 ridiculo
814 1620 1010 1715 praestabis.
1043 1616 1256 1713 Neophytue

177 1748 306 1841 paulum
326 1746 397 1827 ille,
415 1766 519 1839 quem
538 1741 708 1813 hactenus
727 1743 939 1826 nesciebam,
959 1764 1002 1813 eo
1019 1738 1114 1834 quod
1131 1740 1257 1812 literne

182 1865 363 1937 nasutum
386 1868 569 1957 loquentes
590 1862 635 1932 de
658 1863 820 1935 manibus
843 1886 910 1934 non
933 1864 1009 1934 suis
1029 1881 1253 1954 acceperam,

164 2014 210 2059 co
231 1988 306 2073 ipso
326 1982 384 2055 ilie
405 1986 490 2057 dum
511 1986 597 2054 lorte
617 1984 724 2057 huius
751 1988 879 2058 sociam
907 1984 1094 2055 scriberem
1120 1981 1167 2054 ad
1195 2006 1256 2055 me

167 2120 280 2179 wint,
312 2126 392 2177 eum
426 2104 638 2177 vestibulum
673 2109 772 2202 prius
798 2120 903 2200 atque
924 2106 1048 2177 atrium
1071 2114 1258 2199 totamque

165 2232 311 2299 tlurrrunt
347 2230 467 2301 uerbis
500 2227 691 2320 implesset.
728 2231 819 2300 Nibil
856 2239 970 2300 motus
1005 2226 1066 2321 (ab
1098 2226 1258 2301 assuetis

166 2370 261 2419 enim
295 2368 367 2417 non
401 2350 440 2422 fit
472 2350 609 2444 passio)
641 2352 780 2445 excipio
812 2351 987 2422 hominem
1019 2351 1117 2421 vultu
1147 2371 1257 2442 quam

167 2488 286 2541 mutuo
307 2468 453 2556 tutiore,
477 2494 546 2542 non
568 2474 662 2564 quod
681 2483 741 2543 aut
759 2496 814 2545 me
831 2474 933 2544 etiam
954 2472 1167 2544 intermissio
1184 2494 1259 2545 nou

165 2588 333 2665 delectet,
357 2604 420 2662 out
441 2591 612 2685 hospitem
645 2615 714 2664 non
746 2615 871 2676 antem,
901 2593 964 2665 sed
988 2593 1070 2684 quia
1096 2602 1262 2687 lempom

167 2710 286 2783 rniuus
319 2708 447 2785 itloueo
478 2713 723 2800 obambulans
759 2727 794 2787 ct
827 2718 945 2788 nescio
977 2715 1069 2785 unde
1091 2714 1258 2799 rediens,

168 2829 374 2907 melioribus
393 2838 487 2909 curis
508 2861 575 2909 non
598 2841 684 2911 satis
705 2850 919 2935 opportunus
945 2836 1132 2909 incessisse
1153 2836 1263 2909 vide-

168 2970 276 3031 retur.
308 2954 402 3037 Quid
440 2964 578 3033 multa‘?
607 2963 848 3034 Concedirnus.
881 2960 1002 3054 incipit
1035 2959 1091 3028 ille
1122 2956 1170 3029 de
1202 2960 1262 3030 in·

167 3076 688 3166 rxltaustosontevcrboru1n‚
717 3086 823 3155 immo
849 3104 934 3153 vcro
962 3079 1156 3165 continual,
1185 3080 1262 3153 iam

167 3198 260 3275 enirn
282 3209 471 3293 antequam
494 3206 597 3274 limen
620 3207 793 3296 attigisset
815 3204 999 3297 inceperat.

335 3388 468 3455 bernitto
485 3394 636 3456 auriculas
653 3402 687 3456 ut
705 3393 818 3471 iniquo
835 3390 944 3454 mentis
961 3390 1092 3463 asellus,

334 3486 413 3553 Cum
429 3494 555 3571 grauius
572 3494 662 3556 dorso
680 3492 760 3555 subit
778 3508 866 3554 onus.

174 3698 231 3761 tttu
260 3712 343 3761 mox
365 3698 527 3787 urgebat,
550 3698 692 3778 instare,
726 3696 855 3786 linguae
890 3693 1042 3764 testibus
1067 3690 1111 3763 ad
1136 3692 1263 3785 pistri-

176 3834 256 3883 nuut
278 3834 406 3905 agere:
427 3843 494 3911 ego
515 3833 630 3891 autern
653 3819 753 3899 nibil,
778 3818 845 3888 nisi
866 3817 960 3909 quotl
982 3816 1066 3887 dum
1088 3816 1146 3885 ille
1168 3817 1261 3889 mihi

176 3954 328 4021 :triguum
357 3963 472 4026 suam,
508 3964 575 4032 ego
609 3940 674 4011 sibi
706 3961 810 4011 aures
844 3962 941 4009 meas
975 3937 1173 4011 accomodo.
1209 3939 1266 4011 lta

190 4062 266 4123 :buc
288 4058 463 4156 loquendo
489 4066 568 4135 hinc
594 4063 741 4136 tacendo
763 4062 885 4156 impari
908 4086 1024 4159 pugna
1046 4060 1261 4135 conseritur.

180 4188 262 4249 :trun
300 4183 335 4254 lu
370 4190 434 4262 boc
468 4199 560 4260 stulu
596 4208 652 4258 tes
681 4198 818 4271 essent,
847 4186 980 4258 lrorlari
1008 4185 1105 4256 illum
1132 4184 1268 4275 incipio

183 4296 354 4379 salulucut
386 4334 530 4406 equum,
559 4332 668 4402 seque
693 4310 851 4381 familiari
878 4308 1040 4401 prandio,
1064 4307 1165 4378 cuius
1192 4304 1266 4379 ium

190 4446 319 4515 ustttttts
339 4431 494 4514 instaret,
530 4454 669 4523 aequum
696 4432 860 4524 praebeat.
889 4432 947 4503 ttte
972 4445 1087 4505 autem
1113 4426 1159 4501 ad
1186 4426 1270 4501 haec
