2670 4688
320 309 413 360 ursan
434 309 936 360 urunsruusrmtrus.-nrrsrouu
958 311 988 359 x.
1152 298 1188 361 87

124 449 233 520 disset
261 447 435 517 Christum
455 454 516 517 aut
536 465 661 515 nornen
689 445 766 517 eius
797 445 1002 530 audivisset,
1023 456 1190 540 quantum

122 594 189 662 ego
209 570 344 664 opinor,
366 591 435 640 non
453 568 555 639 modo
575 565 780 640 credidisset
800 568 836 637 in
854 589 949 653 eum,
971 569 1034 640 sed
1054 571 1192 662 eloquio

125 695 181 764 illo
219 689 475 785 incomparabili
516 689 644 761 Christi
685 711 801 782 praeco
841 691 1015 762 maximus
1056 693 1190 764 luisset.

124 818 232 899 Quale
253 815 381 907 aliquid
403 814 448 885 de
471 814 579 884 altero
604 813 759 905 principe
784 813 899 884 latinae
925 813 1095 885 facundiae
1115 814 1193 884 Vir·

124 943 205 1031 gilio
235 950 336 1032 poeta
369 959 446 1007 cunr
477 936 522 1008 ad
550 938 626 1008 eius
654 937 824 1007 tumulum
859 937 1015 1009 venisset
1045 938 1192 1030 Aposto-

124 1065 178 1133 lus
211 1064 360 1143 Paulus,
388 1071 424 1132 et
451 1060 593 1130 flevisse
622 1058 749 1150 legitur
780 1068 816 1130 et
846 1057 990 1131 dixisse.
1031 1060 1101 1132 Cur
1132 1082 1194 1132 au-

126 1197 194 1255 tem
217 1182 252 1254 id
272 1184 432 1255 Christus
452 1182 527 1276 ipse
544 1181 700 1266 noluerit,
727 1203 796 1254 non
816 1193 871 1254 est
891 1181 1082 1274 quaerenda
1107 1181 1195 1256 ratio

124 1308 169 1377 ab
201 1307 259 1378 illo
291 1309 390 1381 cuius
423 1309 585 1380 voluntas
619 1309 706 1378 ratio
743 1315 980 1382 summacst.
1019 1306 1193 1393 Quantum
1233 1351 1238 1361 ·

126 1440 239 1500 tamen
260 1429 304 1500 ad
324 1430 541 1502 altitudinem
569 1430 676 1501 divini
709 1429 843 1502 consilii
863 1429 1027 1501 humanae
1056 1451 1095 1501 sc
1126 1429 1195 1501 eri-

125 1562 213 1643 gunt
230 1553 454 1637 coniecturae,
476 1574 541 1624 uec
557 1553 745 1645 potentiam
762 1574 841 1624 cum
862 1562 992 1646 posset,
1012 1574 1075 1624 nec
1094 1575 1194 1622 mun·

123 1673 248 1747 danam
270 1677 485 1768 sapientiam,
507 1697 572 1746 nec
587 1675 819 1766 eloquentiam
839 1674 1022 1767 quaesivit,
1045 1674 1100 1747 cui
1126 1695 1194 1747 uon

124 1798 336 1892 persuadere
356 1799 506 1870 dictione
531 1808 567 1869 ut
593 1796 786 1869 rhetoricos
815 1797 968 1882 deceret,
999 1796 1063 1869 sed
1090 1798 1194 1869 coecis

125 1931 160 1992 et
175 1920 371 1992 errantibus
385 1919 490 1992 nudae
503 1922 620 1992 lumen
634 1918 790 1990 veritatis
807 1919 964 2011 ingerere
977 1920 1194 2015 propositum

124 2054 213 2127 erat,
233 2053 337 2133 atque
357 2041 493 2113 infirma
515 2041 633 2114 mnndi
653 2042 794 2135 eligere,
816 2043 907 2113 sicut
927 2043 1093 2136 scriptum
1118 2054 1192 2124 est,

124 2175 162 2237 ut
181 2165 280 2236 lortia
300 2186 449 2257 quaeque
466 2164 706 2248 confunderet,
724 2175 760 2236 et
777 2165 980 2257 sapientiam
998 2165 1195 2258 sapientum

123 2289 281 2380 perdere,
302 2298 338 2360 et
357 2288 565 2379 prudentum
588 2287 804 2380 prudentiam
824 2288 1025 2382 reprobare,
1044 2288 1196 2381 denique

125 2413 264 2481 stultam
285 2412 397 2479 facere
411 2409 614 2500 sapientiam
629 2411 733 2480 huius
746 2410 876 2492 mundi,
894 2423 930 2481 et
940 2434 1003 2503 per
1017 2398 1194 2482 stultitiam

128 2529 383 2619 praedicationis
405 2528 522 2597 salvos
547 2531 660 2598 lacere
685 2530 884 2612 credentes;
902 2554 956 2614 ne,
975 2533 1005 2600 si
1029 2533 1129 2601 aliter
1148 2533 1195 2602 le-

128 2648 242 2732 cisset,
258 2669 326 2720 nou
339 2646 494 2720 ooelestis
511 2656 546 2718 et
561 2646 679 2719 diviua
699 2652 830 2720 veritas
848 2672 951 2743 qnam
966 2652 1119 2733 docebat,
1135 2652 1196 2724 sed

128 2785 263 2845 terrena
289 2770 343 2843 vis
376 2780 437 2844 aut
469 2771 659 2844 humanum
680 2769 862 2844 artificium
883 2772 1073 2857 videretur,
1093 2784 1196 2868 atquc

52 2913 62 2932 ³
123 2897 160 2967 in
180 2895 349 2990 sapientia
369 2894 481 2980 verbi,
509 2906 547 2967 ut
566 2894 615 2966 ait
634 2897 831 2987 Apostolus,
853 2909 1083 2971 evacuaretur
1106 2923 1195 2973 crux

124 3020 263 3092 Christi.
285 3019 456 3090 Caeterum
477 3018 532 3089 vir
552 3019 609 3091 illc
628 3017 673 3091 dc
698 3038 767 3113 quo
791 3021 885 3114 loqui
911 3043 1084 3116 coeperam
1111 3025 1195 3096 mihi

123 3140 169 3212 ab
189 3142 330 3212 ineunte
351 3150 455 3213 aetate
475 3152 545 3212 tarn
571 3165 673 3214 carus
695 3164 834 3237 semper
857 3154 983 3216 ettam
1004 3148 1119 3217 cultus
1139 3148 1195 3217 Ci-

122 3284 203 3335 cero
220 3264 367 3353 qualiter
379 3265 484 3336 modo
498 3287 632 3338 mecum
649 3270 773 3341 luserit
789 3268 868 3339 hinc
884 3269 1018 3340 audies.
1034 3270 1098 3339 Est
1111 3268 1192 3339 milri

123 3388 286 3458 volumen
297 3386 521 3478 epistolarum
539 3390 616 3460 eius
633 3390 770 3481 ingens,
789 3392 883 3483 quod
900 3393 975 3484 ipse
991 3392 1071 3463 olim
1091 3413 1194 3462 manu

123 3509 274 3604 propria,
305 3510 387 3599 quia
418 3512 597 3605 exemplar
618 3513 844 3608 scriptoribus
870 3514 1075 3606 impervium
1102 3525 1192 3597 erat,

125 3633 261 3726 scripsi,
283 3632 533 3705 adversa'tnnc
558 3634 776 3718 valetudine;
803 3638 865 3710 sed
890 3637 1044 3728 corporis
1066 3637 1195 3708 incom-

123 3756 266 3828 modum
290 3765 325 3827 et
349 3754 501 3827 laborem
527 3758 640 3851 operis
666 3782 814 3852 magnus
841 3781 937 3831 amor
957 3773 993 3832 et
1012 3760 1194 3833 delectatio

123 3893 158 3951 et
186 3879 336 3951 habendi
365 3879 534 3973 cupiditas
553 3881 748 3955 vincebant.
771 3886 869 3954 Hunc
888 3882 1025 3970 librum,
1048 3896 1085 3956 ut
1111 3884 1193 3955 milri

125 4026 262 4097 semper
282 4003 328 4075 ad
348 4025 488 4074 manum
509 4018 612 4089 esset,
635 4006 669 4076 in
692 4006 907 4078 bibliothecae
924 4010 1013 4080 ostio
1031 4009 1120 4102 posti
1142 4007 1193 4079 in-

125 4129 245 4200 nixum
267 4139 359 4201 stare
380 4130 518 4202 solitum
538 4129 667 4204 vidisti.
689 4132 779 4204 llum
800 4153 883 4205 vero
903 4143 941 4205 ut
958 4152 1061 4224 saepe,
1080 4133 1191 4204 locum
