2670 4688
195 274 253 335 ’ΔΜ
654 279 817 329 vitulinum

194 446 320 505 uerunt
336 452 422 523 ergo
438 428 567 501 nudius
585 427 719 498 tertius.
735 426 821 519 Legi
834 447 902 498 eas
921 437 962 498 ut
981 430 1103 521 potui,
1118 438 1158 500 et
1172 431 1293 522 agnovi

196 573 227 630 tc
247 557 337 629 bene
353 554 399 625 de
418 575 475 624 me
493 551 647 647 opinari:
664 547 758 642 quod
777 549 915 621 scilicet
933 551 1097 624 feliciter
1115 552 1205 625 satis
1223 555 1292 623 heic

194 684 335 775 degam,
364 689 400 749 ut
425 688 585 773 peccator
618 673 707 757 dico,
741 682 777 743 ct
808 675 973 766 proiecto
1002 696 1081 746 non
1117 676 1155 746 in
1187 688 1289 748 tutum

195 805 335 877 falleris.
349 800 471 872 Omnia
485 798 576 869 enim
595 797 680 869 satis
701 793 1005 888 prosperrimum,
1028 798 1104 870 nisi
1119 822 1142 872 e
1156 798 1287 871 dnobus

195 928 304 1000 oculis
319 924 407 995 meis
420 924 507 994 alter
524 920 679 1003 abiisset,
698 920 785 990 alter
801 917 974 1003 obiisset3
995 923 1191 996 Dominum
1202 927 1286 997 Pan-

194 1049 363 1143 dulphum
384 1048 520 1138 loquor,
545 1057 581 1116 ct
603 1043 785 1115 Dominum
813 1041 1015 1115 Iohannem
1054 1047 1110 1118 De
1142 1048 1284 1140 Periclis,

195 1174 254 1268 qui
276 1168 343 1242 sub
363 1169 438 1262 ipso
459 1167 612 1239 adventu
639 1166 828 1240 litterarum
855 1176 1021 1251 tuarum,
1059 1169 1285 1242 devotissime

196 1294 367 1387 susceptis
384 1291 551 1362 Ecclesiae
569 1287 807 1372 sacramentis,
821 1285 868 1359 ab
886 1286 958 1361 hac
978 1291 1069 1364 luce
1087 1293 1285 1367 subtractus

195 1428 259 1500 cst,
273 1428 308 1487 el
320 1423 450 1508 quanto
463 1435 640 1506 nunquam
654 1413 866 1506 alins‚quem
880 1433 950 1502 ego
965 1413 1144 1503 viderim,
1161 1417 1284 1492 honore

196 1541 314 1610 ultimo
346 1536 529 1628 depositus
555 1536 590 1606 in
618 1536 772 1607 Ecclesia
792 1536 827 1604 S.
845 1526 1061 1627 Augustini,
1102 1539 1188 1614 irinc
1212 1566 1282 1616 mox

194 1659 382 1731 Bononiam
405 1658 677 1731 transferendus.
699 1660 867 1730 Damnum
894 1657 1027 1751 ingens
1050 1676 1093 1736 et
1115 1666 1280 1760 publicum

194 1795 230 1856 ct
247 1783 434 1880 privatum.
464 1784 557 1855 Dens
584 1806 664 1854 enm
700 1786 734 1853 in
767 1801 831 1852 sua
863 1803 950 1874 pace
984 1790 1210 1882 susceperit.
1243 1792 1281 1861 lle

194 1905 388 2000 quaestione
416 1916 532 1977 autem
556 1903 865 1997 consanguinitatis
887 1903 1053 1998 intelligo
1079 1914 1221 1985 nullam
1237 1915 1280 1984 lit-

196 2042 305 2103 teram
335 2050 449 2100 meum
473 2028 655 2114 habuisse,
682 2028 746 2100 scd
770 2028 837 2098 iam
856 2025 903 2098 ab
932 2027 1035 2100 initio
1071 2056 1275 2130 responsum

194 2164 282 2234 crat,
300 2172 369 2221 non
382 2150 475 2242 quod
489 2151 668 2243 aspernari
684 2173 765 2221 eum
783 2151 909 2221 mirum
926 2150 1089 2226 oblatam
1112 2158 1212 2253 (siclz
1228 2158 1274 2231 ul

195 2274 272 2344 uolo
290 2273 324 2342 in
343 2272 408 2343 lico
425 2281 515 2344 statu
534 2270 676 2343 domum
695 2293 928 2368 praegravare.
943 2274 1071 2350 Habeo
1093 2302 1270 2357 summan

195 2397 257 2469 sed
290 2395 367 2468 haec
399 2397 467 2467 iam
498 2406 621 2467 cuncta
650 2396 877 2493 superfluunt.
909 2397 1031 2470 Saluta
1062 2400 1268 2478 Nicolcctun

194 2542 311 2592 mcum
328 2520 373 2592 dc
391 2518 526 2602 Alexio,
544 2533 579 2592 et
594 2541 658 2615 per
669 2542 748 2592 eum
763 2541 818 2591 me
834 2518 974 2592 domino
994 2530 1274 2602 recommendati

194 2656 290 2735 peto,
312 2645 372 2737 qui
392 2643 554 2715 dominns
575 2645 604 2715 si
626 2644 786 2716 fortassis
803 2641 952 2715 audierit
969 2666 1026 2717 me
1043 2662 1134 2740 post
1151 2652 1272 2725 obitum

195 2765 325 2837 domini
347 2764 510 2836 lohanuis
525 2767 558 2834 in
572 2766 716 2838 consilio
737 2765 867 2838 domini
884 2765 1141 2858 substitutum,
1162 2777 1267 2855 rideat

194 2887 257 2959 scd
277 2908 348 2959 nun
369 2887 496 2959 credat.
519 2889 620 2959 Nulla
636 2889 728 2958 enim
748 2911 803 2960 me
823 2888 867 2961 ad
887 2887 954 2960 hoc
974 2890 1111 2965 utilitas
1136 2898 1268 2971 inclina·

193 3021 260 3091 rct;
274 3009 412 3079 mallem
428 3011 684 3105 eleemosynam
698 3009 911 3094 mendicarc3
929 3033 998 3083 non
1015 3017 1118 3107 quod
1137 3024 1269 3102 nollem,

193 3136 222 3203 si
247 3132 380 3216 scirem,
401 3132 456 3202 tali
474 3129 614 3201 domino
631 3130 719 3205 hene
738 3138 935 3219 consulere
951 3134 1013 3207 sed
1033 3143 1186 3214 omnino
1198 3165 1269 3215 sum

193 3256 239 3328 ud
260 3255 338 3324 talia
358 3255 512 3350 ineptus,
533 3266 568 3325 et
587 3265 706 3349 posset
726 3277 807 3328 csse
826 3279 933 3330 causa
954 3263 1163 3336 maturandi
1186 3265 1272 3338 redi-

194 3377 368 3448 lanale
378 3376 530 3462 feliciter,
549 3388 584 3448 et
599 3389 823 3451 commatrem
838 3402 961 3465 meam,
975 3392 1011 3452 et
1024 3394 1179 3460 matrem
1197 3389 1269 3460 eius

193 3503 328 3572 salvere
348 3496 438 3613 iube,
461 3511 496 3570 ut
520 3498 690 3572 Masinum
713 3512 869 3574 nostrum
896 3503 1100 3599 participum
1127 3510 1270 3585 doloris.

196 3622 331 3715 Raptim
354 3622 481 3716 scripta
500 3620 557 3693 die
577 3623 729 3695 XXVIII.
752 3625 840 3716 Aug.
863 3626 948 3698 hora
969 3649 1070 3700 nona.

694 3927 771 3938 ——-
