2670 4688
288 299 380 348 nreen
401 297 711 348 vrcnsnrusrunrrns.
725 318 761 327 -
775 300 928 348 arrsroun
950 298 1002 347 xn.
1122 282 1179 344 tlt

106 441 241 507 tuturus
261 435 467 527 discipulus,
489 456 567 504 curn
592 436 703 504 voles:
725 433 887 525 equidem
908 432 953 503 de
979 455 1018 503 re
1045 435 1179 525 loquor,

104 578 185 649 qoae
205 578 297 628 nunc
316 557 468 627 maxime
485 556 520 624 in
541 555 702 626 manibus
718 565 786 636 est;
807 555 891 624 nihil
911 554 989 626 dico
1003 555 1181 646 qundnon

104 677 410 770 probcmt'certius
427 697 567 768 quoque
585 698 692 769 quam
709 678 835 746 vellem
851 677 972 768 loquor
989 675 1034 745 de
1049 676 1180 760 dolore,

103 822 205 891 quem
236 799 442 870 acerrimum
474 798 586 869 sentin
614 797 697 869 dum
727 799 864 889 loquor,
894 817 1005 887 usque
1033 795 1121 867 adeo
1144 808 1183 867 ut

104 939 199 1012 saepe
221 943 281 1012 per
303 921 365 990 hos
386 919 462 990 dies
482 918 657 990 Posidonii
679 940 823 1002 memor,
845 919 989 989 deeius
1022 915 1183 1009 opinione

104 1052 237 1111 tanturn
259 1040 495 1112 haesitaverim
512 1042 609 1112 varie
630 1052 729 1113 actus
749 1040 819 1111 huc
834 1040 925 1112 illuc.
943 1039 1029 1110 Nam
1049 1039 1077 1108 si
1096 1058 1182 1111 vera

102 1163 296 1254 complexio
308 1177 491 1256 est‚quam
505 1163 664 1255 superius
675 1163 818 1246 audisti,
837 1185 900 1234 cur
917 1185 987 1233 non
1003 1160 1090 1246 haec,
1104 1183 1179 1244 oro,

104 1284 223 1356 itidem
244 1304 329 1355 vera
350 1285 442 1356 sint?
467 1285 496 1355 si
515 1284 714 1370 delectatio,
737 1285 766 1354 si
787 1285 934 1367 sanitas,
957 1284 988 1353 si
1010 1282 1183 1354 membro-

102 1428 180 1478 rum
201 1406 383 1496 integritas
396 1406 487 1477 hona
501 1421 597 1490 suut,
612 1417 647 1477 et
660 1427 892 1499 quaecumque
904 1405 1006 1476 bonis
1023 1405 1182 1497 opposita

103 1531 192 1599 mala
210 1527 280 1597 sint
295 1537 445 1621 oportet,
462 1529 579 1621 utique
597 1531 791 1601 molestiam
805 1532 959 1622 corporis
973 1539 1008 1600 et
1021 1526 1181 1599 morbum

101 1661 137 1722 et
155 1651 309 1722 dolorem
331 1654 423 1723 mala
442 1672 523 1722 esse
544 1672 764 1745 consequens
789 1665 854 1722 est.
878 1653 971 1722 lutor
995 1651 1072 1722 haec
1095 1672 1182 1741 ergo

101 1774 168 1843 viri
187 1773 416 1845 constantiam
442 1774 534 1846 illius
554 1796 622 1845 non
644 1784 712 1844 tam
739 1775 839 1845 lacile
863 1795 1047 1865 assequor,
1075 1795 1180 1865 quam

103 1895 219 1966 miror.
245 1898 291 1966 Et
314 1897 360 1968 ad
385 1918 556 1968 summam
583 1896 635 1968 sic
663 1919 719 1967 me
742 1896 896 1980 invenio,
921 1907 958 1966 ut
979 1916 1074 1989 saepe
1094 1897 1182 1967 ratio

102 2017 232 2101 Stoica,
253 2038 380 2089 seusus
398 2019 481 2089 mihi
500 2019 749 2112 Peripateticus
771 2039 909 2110 semper
930 2019 985 2089 sit.
1003 2018 1050 2088 At
1067 2040 1109 2089 ne
1121 2039 1181 2089 su-

101 2161 164 2232 per
179 2140 558 2232 corporeumdolorem
585 2142 807 2234 inquisitione
833 2160 1051 2236 supervacua
1076 2142 1180 2212 etiam

101 2263 236 2334 animos
260 2264 473 2354 affligamus,
495 2262 756 2336 difficultatibus
778 2265 975 2336 scholarum
1002 2265 1037 2334 in
1063 2263 1180 2334 limine

103 2382 259 2467 abiectis,
281 2394 386 2473 atque
408 2385 571 2474 sepositis
598 2383 633 2452 in
653 2396 791 2476 tempus
808 2384 900 2456 aliud
921 2387 1069 2455 tortasse
1088 2394 1181 2455 tran·

100 2504 260 2594 quillius,
280 2503 364 2573 illud
381 2504 547 2573 eximium
566 2506 656 2574 inter
674 2517 752 2575 tuos
773 2526 941 2596 meosque
961 2529 1053 2577 nunc
1072 2527 1179 2596 ango·

102 2644 159 2693 res
172 2623 337 2714 gaudium
353 2624 438 2717 cepi,
457 2625 554 2714 quod
573 2625 607 2694 in
621 2625 744 2695 litteris
759 2627 826 2694 tuis
842 2645 908 2694 non
924 2628 1034 2695 solum
1050 2626 1180 2718 patien-

102 2747 160 2817 tiae
180 2747 348 2840 scriptum
370 2768 509 2831 nomen,
532 2769 638 2840 quam
655 2749 854 2839 exculptam
874 2767 959 2815 vere
979 2746 1180 2838 patientiam

68 2935 73 2943 .
99 2869 210 2962 ipsam
233 2867 316 2957 vidi.
342 2869 582 2962 Quaecumque
607 2870 700 2941 enirn
727 2869 771 2940 sit
791 2869 868 2939 haec
893 2868 1179 2962 philosophorum

99 2994 232 3061 nullum
253 2990 357 3062 linem
378 2991 540 3063 habitura
560 2991 749 3075 discordia,
768 2993 801 3061 in
816 2990 884 3062 hoc
901 2990 1006 3061 u'uum
1020 3001 1056 3060 et
1068 2990 1180 3081 philo·

101 3112 202 3206 sophi
216 3135 348 3198 omnes,
363 3127 399 3185 ct
411 3115 638 3208 experientia,
655 3125 690 3186 ct
702 3114 833 3185 veritas
852 3115 928 3206 ipsa
941 3112 1179 3183 consentiunt:

101 3231 136 3299 iu
157 3228 261 3302 rebus
282 3237 429 3324 asperis,
450 3257 511 3306 seu
534 3238 624 3307 mala
643 3258 703 3306 seu
726 3232 942 3305 incommoda
962 3232 1030 3301 dici
1050 3232 1177 3315 mavis,

100 3353 276 3445 patientiae
304 3356 442 3426 unicum
469 3378 549 3428 esse
575 3357 778 3428 remedium.
802 3354 996 3445 ludignatin
1017 3353 1122 3434 enim,
1144 3362 1180 3423 et

99 3477 263 3566 querelae,
285 3485 321 3546 ot
347 3478 524 3549 muliebris
550 3479 701 3564 eiulatio,
728 3490 763 3549 et
789 3479 902 3548 luctus
924 3486 1179 3570 praeterquam

98 3596 192 3692 quod
206 3597 300 3668 viros
314 3597 491 3683 dedecent,
511 3603 624 3696 ipsum
638 3624 777 3694 quoque
793 3601 949 3671 dolorem
961 3621 1030 3668 non
1050 3599 1181 3668 leniunt

99 3720 163 3790 sed
183 3718 358 3789 acerbant
379 3721 474 3791 Sicut
490 3735 609 3792 contra
630 3722 805 3816 prosperis
823 3695 856 3790 in
873 3719 990 3803 rebus,
1011 3717 1179 3790 seuhona

98 3840 155 3929 illa
169 3861 231 3910 seu
247 3840 428 3912 commoda
441 3842 509 3912 dici
523 3844 675 3933 placent,
692 3865 798 3912 unum
817 3853 872 3913 est
889 3842 1090 3925 remedium,
1104 3860 1179 3911 mo-

97 3962 217 4046 destia,
237 3966 338 4035 cuius
353 3968 450 4037 freno
470 3963 602 4035 laetitiae
616 3965 797 4054 gestientis
809 3965 972 4056 impeturn
984 3976 1176 4037 teneamus.

97 4082 147 4154 De
166 4084 295 4177 quibus
313 4086 415 4158 simul
439 4085 604 4159 remediis
631 4082 802 4156 ambobus
828 4107 937 4178 nuper
957 4092 1073 4159 nescio
1092 4088 1176 4179 quid
