2834 5086
603 299 756 347 urusrona
781 299 839 345 xm.
1182 285 1241 346 tut

168 439 249 509 tutis
269 439 397 521 illexit,
418 448 453 511 et
474 441 631 529 cogitans
656 439 752 531 quod
780 438 808 510 si
837 437 938 511 vobis
968 440 1101 533 placeat
1127 442 1242 534 ipsum

166 564 332 655 experiri,
355 563 419 635 crit
441 563 545 634 homo
564 585 628 656 pro
649 561 767 644 vobis,
790 569 826 631 et
852 560 929 632 talis
959 561 1054 654 quod
1078 583 1158 633 eum
1187 563 1243 634 ubi

166 704 273 755 nosse
294 684 468 776 coeperitis
496 706 564 756 non
591 681 738 754 libenter
766 682 864 754 abira
889 683 1148 776 permitteretis,
1175 708 1243 758 non

166 807 328 876 consensi
344 804 597 889 tantummodo,
621 803 684 876 sed
706 804 801 876 suasi
821 815 858 875 ut
874 804 920 876 ad
936 814 1068 875 vestrae
1084 803 1245 877 domina-

168 927 267 997 tionis
293 928 512 1019 praesentiam
538 947 576 998 se
597 927 782 1006 conferret,
810 925 1010 1019 supplicans
1043 936 1245 998 reverenter

167 1063 205 1120 ut
229 1071 308 1119 eum
336 1047 485 1140 probare
515 1047 727 1137 dignemini:
761 1057 810 1130 et,
845 1048 873 1118 si
909 1047 986 1117 talis
1018 1056 1074 1117 ost
1106 1050 1245 1140 qualem

167 1174 260 1255 dicu,
283 1170 378 1264 quod
397 1170 499 1243 vobis
523 1171 638 1241 visum
665 1169 768 1240 luerit
787 1169 931 1240 facietis.
960 1169 1083 1251 Multa,
1110 1169 1156 1238 mi
1183 1169 1246 1259 do

167 1295 275 1377 mine,
297 1294 442 1386 potestis
468 1303 504 1364 et
528 1294 636 1364 multa
661 1291 798 1363 habetis
823 1291 953 1375 lacere,
988 1300 1024 1362 et
1056 1292 1243 1361 multorum

166 1415 256 1488 fideli
278 1435 385 1508 opera
408 1414 589 1506 indigetis,
611 1422 647 1484 et
666 1413 712 1483 ad
734 1423 827 1485 tanta
853 1414 991 1505 negotia
1018 1413 1119 1505 pauci
1145 1433 1246 1506 repe-

165 1539 302 1610 riuntur
322 1537 449 1608 idonei.
472 1537 554 1607 llaec
574 1535 754 1606 hactenus.
776 1535 826 1605 De
846 1555 903 1603 me
927 1544 1044 1605 autem
1077 1536 1122 1604 nil
1151 1534 1245 1605 aliud

164 1659 261 1744 dico,
292 1660 358 1730 nisi
384 1636 481 1751 qnod
507 1657 596 1729 inter
623 1678 758 1728 summa
788 1669 825 1728 et
854 1667 1013 1729 extrema
1046 1657 1151 1728 animi
1178 1657 1245 1727 mai

164 1781 339 1853 desideria
352 1790 418 1865 est,
435 1788 472 1851 ut
493 1799 557 1850 vos
581 1778 759 1851 revideam
782 1789 967 1872 antequam
991 1780 1128 1850 moriar.
1148 1775 1246 1848 Cbri-

165 1914 242 1975 stus
262 1924 328 1974 vos
351 1913 556 1996 promoveat
575 1912 610 1972 et
627 1912 814 1973 conservet
834 1901 996 1993 ingratia
1018 1922 1091 1972 sua.

308 2046 424 2117 Padusa,
441 2045 480 2101 lx
494 2045 646 2101 Februarii.

566 2434 744 2497 EPISTULA
765 2436 845 2499 xtll.

186 2583 379 2634 Fuluclscus
401 2581 571 2632 PETlldlle
592 2581 730 2630 ulcutuo
752 2583 924 2630 LdUllENTll
946 2584 1029 2632 Tlllb.
1052 2585 1121 2633 POl'.
1144 2586 1219 2636 boul.

639 2677 665 2726 S.
688 2680 717 2727 P.
739 2681 770 2728 u.

163 2820 249 2875 Vallis
269 2819 375 2875 Clausae
390 2786 578 2874 amoenitatem
593 2816 732 2872 describit.
754 2817 885 2888 Eglogam
901 2817 935 2872 de
955 2816 1040 2873 rebus
1058 2816 1093 2872 ab
1112 2834 1144 2872 eo
1163 2820 1245 2889 gestis

252 2927 269 2964 a
291 2925 324 2963 se
350 2908 530 2980 compositam
545 2907 638 2975 mittit,
663 2912 691 2962 et
714 2923 843 2962 arcanam
870 2907 995 2962 eiusdem
1017 2908 1245 2977 significationem

250 2999 355 3070 pandit.

262 3227 380 3319 Nuper
405 3249 452 3298 ex
477 3228 638 3322 procellis
675 3228 780 3300 buius
809 3228 941 3312 Curiae,
974 3250 1055 3322 quae
1091 3230 1244 3299 Romana

163 3347 305 3432 dieitur,
329 3349 418 3420 inter
438 3369 527 3441 quas
548 3370 644 3441 aegre
669 3351 736 3422 iam
765 3352 883 3423 senior
903 3362 1025 3437 nauta,
1048 3350 1109 3422 sed
1130 3352 1245 3423 adbuc

164 3472 263 3545 rudis
283 3481 319 3542 et
338 3470 543 3564 inexpertus
560 3472 705 3562 navigo,
725 3473 759 3543 in
779 3472 976 3545 solitudinis
994 3487 1147 3545 assuetae
1165 3494 1243 3566 por·

164 3609 238 3668 tum
259 3593 396 3685 lugiens
417 3591 462 3664 de
482 3592 662 3665 Avonione
683 3595 815 3666 Vallem
837 3598 991 3667 clausam
1018 3617 1065 3665 ex
1093 3615 1130 3664 re
1148 3616 1244 3665 nun·

163 3728 322 3812 cupatam
345 3714 438 3810 petii.
461 3715 575 3785 Locus
596 3725 653 3786 est
667 3715 729 3787 XV
750 3738 917 3809 passuum
940 3716 1094 3787 millibus
1115 3715 1160 3788 ab
1179 3716 1245 3788 hac

166 3837 460 3911 turbulentissima
478 3836 618 3908 civitate
638 3847 674 3908 et
695 3837 837 3914 sinistra
859 3838 1014 3910 Rhodani
1038 3840 1111 3935 ripa
1132 3861 1246 3912 semo·

167 3971 234 4046 tus,
256 3962 345 4034 adeo
371 3970 486 4031 tamen
520 3957 587 4029 hoc
618 3969 687 4029 tam
717 3981 827 4052 parvo
854 3961 969 4055 spatio
988 3959 1187 4047 dissimilis„
1207 3972 1245 4034 ut

166 4081 211 4151 ab
231 4085 349 4154 ultimo
368 4082 548 4154 occidente
569 4080 602 4150 in
624 4092 802 4155 extremos
825 4081 908 4154 solis
938 4093 1035 4154 ortus
1064 4085 1243 4157 transiisse
