2834 5086
164 722 221 781 :tt-t
621 736 781 785 annuntii

165 902 231 949 una
265 880 338 950 acie
371 879 576 950 cecidisset:
609 881 709 950 cuius
734 880 821 970 legis
847 901 953 951 causa
978 880 1042 952 luit
1068 902 1111 952 ne
1141 905 1240 957 more

163 1004 292 1096 ingenii
315 1005 457 1075 humani
478 1005 522 1076 ad
544 1004 689 1095 gloriam
711 1025 805 1096 saepe
827 1026 892 1075 non
916 1004 1020 1076 rectis
1042 1006 1241 1079 tramitibus

163 1127 370 1219 aspirantis,
392 1126 438 1198 ob
455 1125 620 1220 quaelibct
646 1128 735 1198 levia
757 1126 875 1221 praelia
897 1128 1093 1201 immaturae
1115 1151 1241 1222 quem-

163 1272 266 1341 quam
288 1252 418 1321 laurcae
436 1250 606 1342 cupiditas
623 1251 667 1321 ad
688 1240 965 1345 triumpbi'spem
983 1252 1242 1348 praecipitanter

163 1375 349 1458 attolleret,
365 1394 454 1443 nove
472 1372 657 1465 aliquando
676 1372 787 1443 virtus
804 1373 933 1465 exigua
952 1375 1094 1467 indigno
1109 1374 1243 1449 donata

163 1498 323 1589 praemio,
341 1506 377 1567 et
394 1496 631 1587 indignatione
648 1496 773 1587 dignos
791 1497 1008 1581 accenderet,
1023 1511 1059 1569 ct
1070 1499 1241 1591 Populum

165 1622 356 1692 Romanum
375 1620 540 1713 impensis
559 1619 858 1712 impertinentibus
879 1630 1129 1713 praegravaret.
1147 1620 1246 1704 Quid

164 1766 257 1815 nunc
275 1743 409 1815 dicam‘?
434 1741 596 1813 Adulatio
616 1743 728 1813 ornnis
750 1744 895 1814 sortibus
916 1744 1003 1814 viris
1024 1745 1138 1815 invisa
1161 1754 1242 1817 est:

165 1868 229 1938 sed
250 1864 464 1937 reddendum
485 1886 569 1935 vero
591 1865 835 1937 testimonium.
858 1866 903 1937 At
922 1887 991 1937 non
1011 1866 1124 1949 aliter,
1147 1867 1246 1939 dicat

166 1988 310 2080 aliquis,
333 1986 398 2057 nisi
425 1987 507 2058 dum
535 1988 634 2056 altori
662 1988 815 2061 scribas:
850 1989 944 2059 illum
979 1988 1072 2060 enim
1105 1988 1242 2083 ipsum,

166 2131 270 2201 quem
291 2109 495 2200 alloqueris,
522 2107 662 2179 laudaro
689 2107 857 2179 muliebre.
877 2109 980 2179 nimis
1000 2132 1041 2182 ac
1064 2119 1242 2195 tenerum,

166 2232 303 2324 ipsique
328 2252 573 2322 nonnunquam
601 2233 655 2302 rel
677 2231 829 2303 laudanti
854 2230 1058 2304 damnosum
1082 2232 1139 2301 vel
1164 2232 1247 2305 lau-

166 2353 258 2427 dato.
279 2354 394 2427 Credo
412 2355 440 2424 si
458 2353 617 2425 adulator
635 2353 769 2437 laudet,
788 2368 848 2425 aut
871 2354 899 2425 si
922 2354 1082 2425 laudetur
1100 2355 1245 2426 stultus.

166 2480 259 2561 lntor
278 2478 399 2548 doctos
419 2486 533 2547 autem
553 2498 594 2548 ac
610 2477 800 2570 prudentes
822 2479 930 2560 viros,
951 2499 1036 2548 vera
1053 2479 1131 2549 laus
1147 2496 1243 2547 verm

168 2600 308 2670 virtutis
328 2610 382 2669 est
408 2600 580 2670 stimulus.
601 2599 792 2672 lnardcscit
811 2602 871 2693 qui
894 2601 1020 2683 laudat,
1040 2598 1243 2673 accenditur

168 2724 228 2814 qui
249 2722 432 2793 laudatur:
460 2744 575 2814 noque
604 2722 789 2815 aliquando
809 2723 1031 2794 metuendum
1058 2735 1116 2793 est
1140 2744 1186 2794 ne
1209 2722 1246 2793 in

168 2847 303 2919 animos
324 2847 514 2917 altissimos
541 2866 753 2938 serenosque
777 2858 992 2917 terrenarum
1017 2845 1145 2917 nebula
1171 2866 1248 2917 sur-

167 2975 263 3046 dium
285 2973 396 3067 possit
415 2973 592 3066 obrepere.
618 2974 667 3042 Dc
690 2994 760 3063 quo
780 2970 861 3042 alibi
886 2971 1052 3064 pluribus.
1079 2970 1182 3043 Nunc
1202 2970 1248 3045 ad

169 3110 203 3169 to
224 3098 339 3169 redeo.
365 3098 399 3166 Si
421 3117 506 3187 ergo
527 3094 606 3163 belli
627 3096 737 3165 victor
758 3096 854 3165 lusor
872 3094 1021 3165 bostium
1038 3104 1074 3165 et
1089 3093 1248 3186 quinque

171 3221 313 3290 millium
350 3221 546 3289 interlector
580 3218 788 3308 triunrpbum
823 3217 1034 3300 merebatur,
1064 3214 1149 3309 quid
1174 3238 1248 3287 nou

170 3353 322 3413 meretur
355 3351 493 3412 contum
528 3342 670 3411 millium
705 3362 725 3409 c
758 3339 832 3409 suis
865 3351 926 3410 aut
957 3342 1065 3412 multo
1092 3337 1247 3431 plurium

168 3476 406 3545 conservator,
429 3463 627 3534 conciliator
648 3462 812 3544 bostium,
842 3462 935 3555 pacis
961 3472 1095 3546 auctor,
1120 3462 1247 3557 patriae

169 3590 381 3682 sospitator?
399 3588 479 3656 llaec
497 3608 560 3680 pro
583 3598 626 3663 to,
649 3596 744 3679 pater
764 3588 903 3678 optime,
921 3586 1087 3657 dixerim:
1108 3608 1174 3657 nec
1192 3586 1247 3657 iu·

169 3712 270 3796 sista,
305 3734 349 3782 ne
382 3713 469 3782 forte
502 3711 611 3781 solida
644 3712 720 3780 laus
750 3708 886 3801 incipiat
919 3709 1062 3778 nimium
1098 3717 1247 3780 tractata

171 3839 382 3907 mollescere.
417 3835 456 3905 ld
485 3834 619 3904 dixisse
651 3832 780 3914 ausint,
815 3847 850 3902 et
883 3830 1023 3901 siluisse
1051 3832 1245 3905 noluerim:

169 3960 299 4029 nullutn
334 3969 502 4028 armatum
536 3954 616 4026 belli
646 3954 783 4036 ducem,
818 3963 987 4047 quiantum
1015 3965 1048 4023 te
1078 3934 1249 4027 inermem
1307 4016 1312 4023 .

169 4083 264 4175 pacis
283 4082 452 4162 nuntium,
474 4080 596 4173 patriae
615 4079 815 4150 contulisse.
830 4077 996 4161 Quotiens
1014 4074 1252 4149 inundasseut

169 4209 280 4298 campi
306 4226 478 4277 caesorum
506 4205 699 4296 sanguine?
731 4203 897 4289 Quotiens
932 4202 1074 4273 lluminu
1105 4200 1253 4275 rubuis-

170 4333 271 4399 sent?
303 4329 471 4412 Quotiens
505 4338 621 4398 noster
655 4326 830 4397 inbuisset
855 4327 1014 4397 Oceanus
1039 4334 1074 4395 ct
1095 4326 1254 4401 lacerata

169 4451 342 4521 cadavera
365 4451 522 4521 litoribus
542 4450 772 4523 reddidisset?
790 4450 885 4521 [nus
909 4461 945 4521 tu
962 4447 1120 4522 venturis
1146 4452 1255 4523 mulis

170 4596 209 4643 ac
231 4594 338 4667 propo
360 4574 425 4642 iarn
449 4574 683 4665 praesentibus
700 4572 892 4646 occurristi.
910 4575 1037 4645 l‘osscs
1058 4572 1196 4647 utiuum
1216 4586 1256 4647 et
