2670 4688
179 257 237 332 ltlt
520 268 560 317 ue
583 268 683 318 nunus
705 268 926 317 snurmnrunus

177 411 306 481 virtute
326 398 372 479 ‘ao
402 412 538 479 fortuna
569 407 867 491 concurrentibus,
890 408 1092 479 mirabiliter
1121 414 1261 481 confre-

177 533 277 623 gisti,
305 530 434 602 utinam
462 531 624 612 viveres;
654 529 715 601 tibi
739 532 912 624 loquerer.
939 533 967 602 O
992 534 1095 603 Paule
1122 533 1258 615 AEmili,

178 655 238 748 qui
258 675 362 745 reges
380 653 608 725 Macedonum
625 663 767 724 vetusto
783 655 928 748 imperio
945 656 1053 725 elatos
1072 665 1108 725 et
1127 654 1259 726 adver-

178 796 239 845 sus
267 774 396 843 ltaliam
425 771 634 844 rebellantes
657 773 794 846 vinctos
820 785 900 846 ante
926 797 1068 846 currum
1094 775 1127 843 in
1154 776 1260 867 Capi-

179 895 297 968 tolium
317 895 429 987 egisti,
448 907 484 966 et
508 896 652 966 Romani
677 896 796 987 iugum
824 896 959 989 imperii
979 899 1068 967 ferre
1088 895 1255 993 docuisti,

178 1018 307 1089 utinam
330 1017 493 1099 viveres3
516 1014 574 1086 tibi
596 1018 767 1107 loquerer.
790 1017 818 1086 O
838 1017 942 1102 Mari,
965 1027 1003 1088 ut
1022 1019 1255 1110 compatriota

179 1148 260 1209 tuus
280 1138 329 1209 ait
348 1138 480 1218 Cicera,
505 1136 680 1208 rusticane
697 1137 753 1206 vir
774 1136 835 1207 sed
856 1160 939 1208 vere
959 1141 1024 1221 vir,
1047 1140 1104 1232 qui
1127 1139 1256 1211 barba-

177 1280 235 1329 ros
257 1260 289 1329 in
311 1259 443 1329 ltaliam
465 1257 697 1348 irrumpentes
718 1257 803 1350 ipsis
823 1279 943 1328 eorum
966 1259 999 1329 in
1017 1259 1144 1332 finibus
1157 1272 1256 1333 tanto

177 1380 307 1472 impetu
325 1377 510 1471 superasti,
530 1389 568 1447 ut
584 1377 628 1448 de
645 1377 798 1449 cruentis
815 1378 1016 1451 lluminibus
1034 1380 1080 1452 ab
1095 1384 1254 1455 exercitu

108 1524 111 1529 ·
176 1499 315 1570 sitiente
335 1521 403 1569 non
427 1501 504 1590 plus
525 1520 627 1590 aquae
648 1518 753 1590 quam
773 1500 953 1590 sanguinis
968 1501 1162 1591 biberetur,
1175 1505 1254 1597 qui-

175 1642 244 1711 que
265 1603 348 1688 mox
368 1617 412 1689 ad
433 1619 534 1689 aliam
557 1620 676 1692 mundi
697 1622 834 1714 plagam
860 1625 947 1712 mira
971 1627 1145 1698 celeritate
1171 1649 1254 1698 con-

175 1761 319 1824 versus,
342 1741 389 1810 ita
408 1743 559 1812 furorem
581 1743 789 1815 Cimbricum
804 1747 1008 1843 oppressisti
1025 1757 1061 1817 ut
1075 1750 1135 1818 vix
1150 1749 1253 1820 cada·

174 1860 318 1934 veribus
340 1862 415 1934 suis
436 1861 620 1956 utrobique
640 1864 732 1937 victa
753 1866 946 1952 barbaries,
968 1869 1031 1938 vix
1052 1870 1253 1960 agminibus

172 1984 390 2078 captivorum
416 1986 545 2056 victrix
569 1986 679 2058 Roma
705 1988 899 2071 sufficeret,
928 1987 1058 2058 utinam
1086 1988 1251 2068 viveres;

173 2104 233 2177 tibi
252 2107 422 2198 loquerer.
437 2105 465 2176 Ο
483 2108 608 2198 Magne
625 2107 777 2197 Pompei,
795 2108 853 2197 qui
869 2107 1027 2176 infamem
1044 2104 1250 2199 predonum

171 2237 348 2299 catervam
370 2228 537 2298 Romanis
558 2225 732 2298 classibus
753 2226 949 2319 ltalioisque
973 2226 1131 2298 litoribus
1166 2225 1218 2296 ini
1240 2268 1254 2278 -

173 2360 262 2421 stam
276 2373 317 2422 ac
331 2360 402 2422 toto
415 2350 481 2420 iam
502 2323 624 2442 pelage
645 2347 851 2421 saevientem
867 2348 1079 2421 brevissimo
1096 2362 1254 2443 tempore

170 2471 350 2558 domuisti,
374 2481 478 2565 atque
498 2472 533 2555 in
559 2469 700 2542 vincula
725 2471 912 2558 coniecisti,
935 2473 1065 2544 utinam
1086 2473 1251 2550 viveres;

172 2593 233 2667 tibi
253 2598 426 2687 loquerer,
449 2605 485 2667 et
505 2615 665 2689 precarer
685 2602 724 2665 ut
744 2594 835 2667 siout
855 2596 970 2667 omnia
991 2593 1101 2666 maria
1128 2580 1255 2666 inlecta

170 2720 339 2812 purgasti,
363 2719 408 2789 ita
431 2741 531 2802 nuno,
554 2741 623 2790 non
645 2718 724 2789 dieo
745 2739 867 2790 omnes
889 2728 1016 2797 terras,
1040 2715 1102 2784 sed
1119 2716 1253 2788 ltaliam

172 2841 293 2910 saltem
310 2848 403 2907 tuam
422 2859 513 2908 nova
531 2838 735 2930 praedonum
754 2859 860 2923 manu
878 2833 1120 2905 miserabiliter
1139 2837 1254 2931 inqui-

171 2965 287 3027 natam
320 2955 418 3024 solita
445 2957 576 3026 virtute
600 2975 783 3050 purgares.
811 2954 928 3024 01uli
955 2955 1086 3041 Caesar,
1114 2960 1172 3050 qui
1200 2960 1253 3029 in-

172 3098 298 3152 cursus
315 3075 468 3146 bostium
490 3096 558 3145 non
579 3086 787 3168 expectans,
810 3077 933 3169 raptim
963 3081 1136 3170 superatis
1157 3082 1250 3175 Alpi-

173 3203 253 3301 bus,
275 3201 412 3283 Rbeno,
435 3194 604 3269 Rhodano
624 3177 678 3268 ac*
689 3196 864 3266 Garumna
882 3196 1083 3272 fluminibus
1104 3204 1253 3296 impigre

172 3323 402 3406 transmissis,
425 3320 592 3392 incertum
615 3341 659 3390 an
680 3317 884 3390 fortunatior
901 3341 943 3390 an
963 3324 1094 3407 sortior,
1118 3326 1252 3398 victrici

173 3448 246 3519 acie
270 3446 503 3525 Germaniam,
537 3443 681 3528 Galliae,
706 3441 917 3514 Britanniam
941 3455 1045 3539 atque
1066 3449 1251 3543 Hispanias

174 3570 380 3662 peragrasti,
416 3568 546 3640 utinam
575 3569 740 3648 viveres3
775 3565 832 3637 tibi
867 3568 1036 3660 loquerer.
1071 3570 1099 3641 Ο
1131 3573 1252 3644 Caesar

173 3691 346 3781 Auguste,
378 3690 439 3784 qui
471 3691 585 3780 Reges
620 3698 721 3759 terrae
752 3698 787 3758 et
819 3690 1011 3780 legationes
1044 3695 1249 3785 populorum

173 3812 327 3882 omnium
354 3814 399 3885 ad
432 3833 546 3906 genua
581 3809 862 3903 procumbentes
894 3821 1011 3903 atque,
1048 3823 1084 3882 ut
1115 3815 1252 3906 proprie

175 3931 301 4015 dicam,
324 3934 440 4027 ipsum
466 3933 585 4007 orbem
614 3943 782 4003 terrarum
811 3933 1000 4026 supplicem
1033 3947 1068 4003 et
1101 3935 1272 4006 affusum

175 4077 221 4123 ox
239 4054 408 4127 altissimo
430 4059 517 4130 solio
539 4053 671 4139 villisti,
699 4068 733 4127 et
753 4077 839 4148 pace
862 4067 951 4124 terra
979 4056 1132 4147 marique
1158 4078 1252 4128 conn-
