2834 5086
506 758 664 808 urrunnun
684 760 898 811 Llnrssntlttttr.

582 1001 760 1066 EPISTULA
780 1004 824 1067 vt

250 1167 444 1218 suouetscus
465 1170 633 1220 Parauaea
654 1172 744 1222 LUCAE
764 1169 955 1225 cuarsrl'auo
975 1177 1158 1228 PRAEPOSl'l'O

407 1273 432 1322 S.
455 1274 608 1324 annorum
630 1277 815 1359 Pnacunrun
836 1279 864 1328 S.
884 1280 911 1328 P.
933 1282 964 1329 D.

268 1413 308 1466 De
324 1412 423 1468 iisdem
439 1413 524 1468 rebus
539 1430 601 1485 quae
616 1413 650 1468 ad
666 1414 823 1487 Olympium
838 1417 936 1473 litteris
948 1418 981 1489 2,
1000 1420 1032 1491 3,
1048 1421 1138 1476 delb

485 1509 548 1564 libri
563 1510 628 1566 llllI
643 1511 719 1566 Fam.
735 1514 837 1584 scripta
854 1520 928 1569 sunt.

266 1754 380 1824 Motus
405 1751 540 1823 crebris
573 1752 714 1845 quidem
746 1765 783 1825 et
812 1755 938 1827 validis
975 1755 1243 1848 precibus-ma·

166 1871 282 1967 gnifici
309 1874 463 1946 Padunni
483 1874 626 1959 domini,
655 1876 709 1946 cui
737 1887 874 1970 propter
900 1877 1110 1968 singularem
1137 1878 1242 1970 atque

167 1997 347 2087 egregiam
384 1995 636 2068 humanitatem
673 2019 772 2069 suam
811 2020 914 2070 carus
951 2020 1032 2071 esse
1066 2020 1241 2092 coeperam
1352 2010 1357 2033 ¹

167 2121 287 2190 multis
308 2120 409 2191 annis
431 2128 511 2191 ante
534 2141 638 2211 quarn
664 2120 839 2211 cognitus,
867 2133 902 2193 et
926 2123 1060 2193 veritus
1087 2143 1132 2193 ne
1156 2121 1242 2191 mihi

166 2245 224 2312 vel
250 2241 385 2313 inertiae
411 2240 669 2321 adscriberetur
701 2244 757 2312 vel
785 2241 982 2336 superbias·
1001 2244 1031 2314 si
1057 2243 1141 2315 tanti
1174 2243 1240 2314 viri

166 2375 236 2434 tam
251 2367 426 2435 intensum
440 2363 653 2434 desiderium
672 2364 802 2435 diutius
819 2364 1046 2451 distulissem,
1061 2365 1106 2436 de
1117 2366 1242 2435 Parma

165 2484 313 2558 discessi
335 2487 378 2554 X.
397 2485 510 2555 Martii
531 2485 614 2555 hora
632 2485 698 2566 lll;
716 2487 883 2555 V.autem
898 2485 978 2555 Maii
993 2487 1075 2556 bora
1095 2487 1152 2555 lX.
1170 2489 1244 2588 ‘Deo

165 2608 284 2689 dante,
320 2627 428 2675 sanus
462 2606 646 2677 incolumis
681 2627 757 2676 sum
790 2626 968 2675 reversus.
1000 2605 1044 2674 Et
1076 2616 1113 2676 ut
1143 2609 1241 2696 prius

164 2725 350 2816 expediam
371 2723 467 2815 quod
489 2735 521 2795 te
542 2726 709 2818 primurn,
731 2728 849 2807 irater,
868 2734 1054 2817 expectare
1074 2725 1239 2811 arbitror,

164 2845 314 2939 qualiter
335 2845 466 2918 scilicet
486 2868 549 2939 per
575 2847 671 2916 illum
700 2847 921 2917 mitissimum
942 2856 1047 2939 atque
1073 2840 1242 2941 optimum

164 2969 343 3043 dominum
365 2970 465 3040 visus
487 2989 564 3039 sum
585 2969 804 3061 qualiterque
831 2971 1010 3053 tractatus,
1042 2969 1108 3041 boc
1135 2994 1241 3042 unum

164 3091 301 3165 dixisse
321 3090 445 3174 velim,
468 3090 513 3161 de
535 3091 593 3161 illo
614 3090 753 3182 quidem
777 3091 900 3161 merito
924 3088 991 3162 dici
1018 3112 1122 3184 posse
1147 3092 1243 3183 quod
1270 3155 1275 3169 ,

165 3213 215 3282 ait
233 3212 285 3284 de·
298 3213 507 3304 Cartbagine
529 3213 726 3293 Sallustius,
752 3232 832 3282 esse
852 3210 896 3281 de
916 3211 1052 3282 actibus
1074 3214 1147 3313 suis
1168 3235 1243 3282 me-

165 3336 233 3406 lius
254 3344 369 3405 tacere
390 3355 494 3429 quam
516 3355 638 3426 parum
660 3333 764 3424 loqui.
787 3334 899 3403 Unum
928 3354 1012 3405 sane
1048 3333 1094 3403 de
1124 3334 1241 3404 multis

166 3457 320 3528 omnium
347 3457 558 3538 maximum,
580 3456 717 3546 vulgari
738 3458 827 3526 forte
852 3453 993 3537 iudicio,
1015 3476 1094 3524 meo
1113 3464 1239 3539 autem,

165 3579 232 3649 etsi
254 3599 417 3666 magnum
447 3577 480 3646 in
503 3597 551 3659 se,
575 3576 744 3648 maiorum
767 3585 882 3646 tamen
902 3575 1157 3668 comparatione
1178 3580 1243 3647 mi·

166 3700 440 3784 nimum,dicam,
461 3710 498 3770 ut
513 3699 701 3768 fraternum
715 3682 868 3769 animum
887 3698 1125 3791 prosperitatis
1142 3717 1241 3780 meae,

165 3843 232 3895 seu
252 3821 372 3893 verius
387 3828 528 3905 nostrae,
543 3821 744 3914 participem
768 3820 889 3892 laciam
910 3819 954 3891 de
976 3818 1174 3911 longinquo.
1191 3819 1244 3890 Si-

165 3943 306 4037 quidem
333 3964 528 4034 generosus
549 3943 605 4012 ille
626 3964 763 4035 semper
777 3954 824 4014 et
848 3942 1133 4015 artificiosissime
1157 3942 1243 4014 libe-

166 4069 249 4140 ralis
271 4087 388 4139 mores
408 4086 505 4136 meos
527 4077 629 4157 atque
650 4067 802 4137 animum
825 4064 957 4137 solicite
974 4069 1241 4160 contemplatus,

168 4201 206 4261 ut
226 4213 281 4261 me
300 4190 345 4261 ad
368 4187 576 4259 trahendum
603 4186 773 4260 interdum
795 4186 923 4258 Padnae
948 4209 1081 4259 moram
1104 4187 1243 4258 honori-

169 4311 244 4382 ficis
277 4310 496 4405 quibusdam,
519 4319 558 4380 ut
590 4311 635 4381 ita
669 4309 792 4392 dicam,
811 4308 1037 4401 compedibus
1067 4311 1241 4401 alligaret,

170 4434 330 4503 iunonem
344 4434 530 4524 quomdam
547 4433 750 4504 canonicum
769 4432 968 4504 Paduanum
989 4432 1158 4521 sanguine
1177 4431 1243 4503 sibi

170 4555 388 4624 coniunctum
418 4576 478 4646 per
504 4557 594 4625 viam
630 4554 893 4646 permutationis
923 4551 968 4623 ad
999 4551 1242 4643 resignandam
