2670 4688
279 341 370 390 arnan
393 340 930 399 vrunsruusouaurus.-nnrsrom
954 346 983 392 rr.
1109 334 1167 396 'lull

88 483 213 553 multas
246 482 342 551 enim
372 481 416 551 ad
448 495 625 555 coaetanos
660 504 758 555 meos
779 487 941 579 scriptas.
963 509 1083 580 paucae
1103 490 1165 572 ibi,

87 602 266 675 varietatis
292 601 408 673 studio
437 616 472 674 et
500 623 638 675 amoeno
665 604 815 698 quodam
844 605 1003 678 laborum
1022 609 1168 682 diverti-

86 727 173 808 culo,
196 725 347 816 antiquis
367 725 615 800 illustrioribus
637 726 888 810 inscribuntur,
907 748 989 821 quae
1001 730 1166 803 lectorem

87 871 156 918 nou
174 847 418 939 praemonitum
441 846 475 915 in
497 857 675 941 stuporem
695 848 848 930 ducent;
868 847 952 919 dum
980 858 1050 921 lam
1074 853 1168 924 clara

87 980 123 1041 et
154 981 223 1041 tam
257 978 397 1040 vetusta
431 969 571 1040 nomina
607 971 709 1042 novis
740 971 915 1061 permixta
946 976 1165 1064 compererit.

89 1093 217 1162 Harum
228 1090 320 1169 duae
340 1090 385 1162 ad
408 1091 523 1184 ipsum
551 1091 752 1163 Ciceronem
786 1103 884 1162 sunt:
918 1094 1027 1164 altera
1054 1114 1167 1166 mores

88 1220 197 1297 notat,
218 1213 328 1283 altera
347 1210 466 1283 laudat
485 1211 674 1304 ingenium.
695 1213 766 1284 Has
787 1226 825 1285 tu
844 1213 987 1284 intentis
1007 1213 1168 1285 omnibus

86 1353 167 1402 cum
185 1330 346 1422 legisses,
365 1353 449 1403 mox
466 1327 577 1404 amica
594 1332 637 1403 lis
653 1332 773 1404 verbis
791 1334 942 1418 incaluit,
956 1333 1167 1427 quibusdam

88 1456 215 1550 scripta
236 1465 355 1528 nostra
379 1454 612 1537 laudantibus
635 1466 672 1524 et
691 1455 768 1527 iure
791 1456 1046 1549 reprehensum
1059 1456 1168 1526 laten-

87 1574 180 1663 tibus
219 1575 440 1663 Ciceronem,
483 1598 551 1648 uno
587 1588 705 1648 autem
743 1577 801 1648 illo
837 1598 921 1648 sene
957 1574 1168 1651 obstinatius

85 1696 295 1783 obluctante,
323 1701 383 1793 qui
408 1711 446 1772 et
468 1699 626 1803 claritate
654 1698 805 1770 nominis
833 1708 868 1768 et
899 1717 1019 1768 amore
1044 1709 1168 1789 captus

85 1822 253 1903 auctoris,
278 1821 410 1892 erranti
429 1842 570 1916 qnoque
590 1819 775 1914 plaudere,
798 1829 833 1892 el
853 1820 953 1892 amici
974 1819 1060 1891 vilia
1085 1841 1166 1891 cum
1192 1878 1195 1885 .

87 1940 274 2013 virtutibus
302 1943 462 2036 amplecti
496 1945 635 2027 mallet,
663 1965 769 2036 quam
795 1943 1010 2026 discernere,
1037 1942 1168 2034 nequid

84 2065 225 2136 omnino
246 2056 413 2138 damnare
431 2066 611 2138 videretur
627 2064 779 2136 hominis
797 2063 1168 2156 commodarumque

85 2188 168 2258 nihil
188 2185 282 2259 aliud
299 2189 356 2258 vel
374 2188 457 2259 mihi
475 2190 532 2259 vel
550 2188 627 2260 aliis
644 2186 740 2281 quod
756 2186 985 2281 responderet
1002 2184 1165 2267 hahebat,

86 2310 154 2382 nisi
188 2322 226 2382 ut
258 2311 433 2382 adversus
465 2332 568 2381 omne
599 2304 694 2403 quod
731 2310 919 2394 diceretur,
943 2308 1165 2403 splendorem

84 2434 234 2504 nominis
262 2431 465 2516 obiectaret,
492 2439 528 2499 et
557 2431 701 2501 rationis
735 2435 847 2502 locum
882 2443 1017 2503 teneret
1048 2442 1168 2503 aucto·

85 2555 181 2625 ritas.
216 2550 459 2622 succlamabat
491 2549 676 2621 identidem
703 2563 863 2641 protenta
888 2574 1017 2622 manu:
1046 2581 1061 2616 a
1087 2574 1167 2642 par-

87 2703 102 2738 »
132 2674 223 2757 cius,
251 2694 330 2756 oro,
358 2671 499 2766 parcius
524 2672 568 2744 de
595 2670 760 2743 Cicerone
780 2693 882 2745 mec:
907 2700 922 2735 r
947 2656 1101 2764 dumque
1121 2671 1167 2743 ab

82 2819 125 2869 eo
140 2806 357 2890 quaereretur
373 2819 418 2868 an
435 2815 574 2866 errasse
593 2816 746 2886 uuquam
765 2795 833 2865 ulla
851 2795 886 2864 in
905 2816 943 2866 re
960 2794 1165 2865 Ciceronem

82 2920 214 3015 opinari
236 2930 371 3015 posset,
398 2917 583 2991 claudebat
602 2919 736 3000 oculos,
762 2927 799 2988 el
823 2917 925 3010 quasi
950 2915 1060 2990 verbo
1086 2939 1164 3011 per-

82 3063 219 3126 cussus,
252 3040 432 3114 avertebat
468 3042 618 3111 frontem
639 3040 878 3132 ingeminans:
903 3069 919 3105 a
945 3040 1038 3111 heu!
1063 3037 1164 3120 mihi,

87 3194 102 3228 n
131 3186 217 3254 ergo
237 3165 358 3235 Cicero
379 3185 478 3237 meus
499 3164 679 3256 arguitur?
700 3191 715 3227 n
735 3163 839 3256 quasi
860 3185 930 3233 non
946 3163 991 3233 de
1008 3160 1164 3244 homine,

83 3287 147 3359 sed
179 3285 224 3356 de
256 3288 328 3356 Deo
364 3287 516 3378 quodam
554 3294 729 3375 ageretur.
763 3285 921 3368 Quaesivi
960 3282 1089 3373 igitur:
1120 3300 1165 3352 an

82 3411 193 3480 Deum
232 3407 341 3477 luisse
379 3406 525 3478 Tullium
563 3407 781 3500 opinaretur,
819 3428 863 3477 an
889 3403 1087 3475 hominem:
1112 3401 1166 3473 in-

80 3538 322 3601 cunctanter«
350 3528 458 3599 Deum
484 3558 499 3592 u
522 3529 580 3600 ille
605 3527 796 3621 respondit,
831 3538 868 3599 et
899 3527 984 3618 quid
1016 3525 1166 3597 dixisset

83 3653 292 3744 intelligens,
326 3681 341 3715 a
369 3653 499 3735 Deum,
518 3651 647 3741 inquil,
665 3650 804 3743 eloquii.
829 3679 843 3713 a
867 3651 983 3728 Recte,
999 3648 1160 3739 inquam!

88 3804 102 3835 r
130 3798 210 3846 nam
237 3775 267 3845 si
294 3777 387 3845 Deus
419 3785 488 3855 est,
517 3793 656 3843 errasse
682 3793 751 3842 non
779 3771 898 3863 potuit.
923 3771 1024 3841 lllum
1048 3779 1163 3840 tamen

88 3929 101 3960 »
130 3901 238 3971 Deum
265 3899 331 3969 dici
358 3894 511 3968 nondum
539 3895 725 3966 audieram.
762 3894 831 3965 Sed
857 3895 886 3962 si
911 3893 1089 3964 Platonem
1110 3891 1163 3962 Ci-

87 4054 100 4084 »
129 4044 210 4094 cero
237 4036 345 4094 ‘suum
381 4023 490 4091 Deum
525 4027 642 4099 vocat,
670 4039 734 4087 cur
759 4037 826 4087 non
854 4024 893 4086 ut
914 4018 1034 4087 'Deum
1063 4027 1161 4088 tuum

86 4172 101 4207 u
129 4146 331 4216 Ciceronem
357 4164 478 4225 voces,
508 4140 573 4211 nisi
600 4139 683 4231 quia
710 4139 797 4211 deos
831 4161 895 4234 pro
927 4131 1071 4209 arbitrio
1097 4135 1160 4207 sibi
