2670 4688
568 282 721 331 musrour
745 283 763 329 ι.
1148 270 1206 331 tta

128 427 218 496 sitan
239 422 502 508 miserantibus,
523 427 620 496 nullu
644 425 784 516 penitus
805 435 1040 509 succurrente,
1062 426 1123 497 diu
1146 426 1208 495 mi-

130 545 339 618 serabilibus
360 547 473 618 modis
492 547 652 618 exercuit
670 559 707 617 et
727 557 880 616 exercet.
906 532 998 627 Scid,
1020 545 1206 639 domoque,

129 680 166 739 et
183 670 264 760 plus
286 689 390 761 quam
401 668 640 791 credipnssit
669 668 841 760 indignor.
863 667 965 751 Quod
985 668 1135 761 amptius
1161 671 1210 741 fa-

130 793 307 863 ciam-no'n
328 790 454 864 habeo.
475 792 547 863 Nec
567 815 623 863 me
645 793 749 895 angit
763 791 857 885 quod
878 791 1061 863 Fortuna
1052 814 1128 864 rure
1145 814 1210 866 suo

133 914 255 998 utitur,
288 928 326 986 ιιι
347 916 380 984 in
407 914 550 1007 reliquis
572 915 677 985 sicin
698 868 945 1006 vohisfatque
965 924 1004 985 ut
1025 935 1064 987 se
1091 936 1207 986 rerum

132 1038 363 1109 humanarum
385 1040 484 1132 plane
504 1038 678 1121 dominam
697 1036 821 1129 probet
839 1034 1089 1129 ipsur'nrerum
1107 1049 1212 1130 caput

130 1159 303 1250 attingere
324 1181 393 1230 non
415 1169 566 1230 veretur.
578 1157 876 1271 &iuvidentiam
899 1158 1082 1229 instabiles
1097 1178 1211 1230 mores

131 1282 225 1351 novi.
247 1280 448 1365 Quarumda
507 1302 590 1352 vero
614 1274 862 1363 indomitarum
893 1283 1048 1371 gentium
1074 1274 1211 1352 inanem

130 1403 325 1475 iactantiam
347 1303 549 1494 aegreffio,
573 1424 721 1493 quarum
749 1425 840 1475 nunc
866 1423 1009 1497 romano
1030 1405 1212 1494 tritnjugo

129 1526 216 1596 cotta
242 1524 437 1633 lasciuiam.
465 1525 515 1594 tta
543 1523 625 1618 (uhi
655 1525 767 1616 pudor
786 1534 822 1596 et
842 1525 960 1597 infelix
982 1524 1109 1631 tepula)
1132 1525 1209 1608 iam,

133 1660 169 1718 ut
180 1657 309 1718 caetera
329 1649 435 1718 multa
448 1660 483 1719 et
495 1647 770 1751 gravissimam,
786 1648 821 1718 in
838 1648 1070 1741 quaestionem
1091 1650 1210 1719 venit:

129 1791 172 1840 au
193 1792 374 1844 romanum
395 1771 578 1863 imperium
601 1773 720 1883 Romae
742 1773 798 1842 sit.
819 1772 920 1845 Enim
938 1795 1027 1849 aero
1045 1773 1103 1845 ubi
1121 1796 1213 1845 nunc

131 1890 271 1963 horrida
308 1892 397 1962 sriva
423 1903 493 1976 est,
520 1904 685 2006 poterunt
718 1895 815 1986 regia
852 1907 942 1967 tecta
980 1915 1209 2019 consurgere,

128 2025 233 2104 atque
266 2012 324 2083 ubi
356 2034 449 2084 nunc
475 2016 561 2086 atria
596 2027 678 2085 sunt
711 2036 798 2086 auro
832 2017 995 2135 rutilante
1028 1984 1209 2105 fulgentia,

128 2145 292 2227 poterunt
317 2135 432 2227 cupidi
460 2142 598 2226 greges
615 2138 725 2228 pasci,
758 2148 794 2208 et
823 2124 1061 2231 penetraturus
1081 2159 1209 2229 regum

129 2250 242 2349 vagtis
276 2267 395 2351 pastor
427 2258 603 2341 insistere.
634 2250 709 2330 Non
724 2260 898 2331 detrecto
918 2258 1211 2351 Γοιιιιιιιαίιιιρθ·

127 2379 229 2450 rium.
250 2381 369 2455 Potest
390 2377 700 2475 illudenditus‚··ut
720 2381 949 2467 urhetatias,
977 2381 1027 2452 sic
1053 2381 1210 2471 reginam

128 2499 267 2572 urbium
285 2502 359 2593 pari
376 2480 479 2581 niqu
488 2500 592 2570 ruina
611 2500 741 2571 maiore
760 2476 996 2623 prm-sternere,
1010 2501 1106 2594 quod
1119 2503 1205 2572 heu!

128 2643 255 2713 magua
274 2644 322 2694 ex
344 2623 531 2714 pantanum
551 2623 640 2695 tecit.
665 2622 927 2716 Illud-protecto
947 2640 1125 2716 nunquam
1148 2645 1210 2717 pc

129 2745 210 2818 terit
240 2745 377 2818 efficere
412 2757 449 2817 ut
481 2766 661 2817 romanum
690 2738 880 2839 imperium
904 2744 991 2816 stibi
1026 2745 1071 2816 sit
1102 2767 1208 2839 quarn

126 2871 271 2941 Romae:
287 2865 398 2940 simut
418 2868 568 2939 enim⁴ut
584 2867 663 2940 alibi
684 2888 765 2939 esse
769 2866 946 2962 coeperit,
968 2868 1107 2939 desinet
1125 2888 1209 2947 esne

128 2988 319 3064 romanum
343 2992 427 3061 Haec
448 3011 485 3062 se
478 2960 714 3067 'miseidhitis
738 2990 827 3062 civis
861 2999 978 3062 vester
1012 2989 1209 3061 affirmasse

126 3123 161 3184 et
180 3087 445 3189 affiimardmou
442 3124 594 3221 negat:
616 3090 668 3184 et
671 3112 737 3185 noc
757 3114 813 3184 ast
834 3112 918 3183 ittud
939 3134 1050 3203 grave
1076 3076 1207 3189 crirrffi

125 3233 258 3306 unde
249 3256 284 3304 ιιι
311 3212 527 3307 discrimen
526 3234 649 3326 capitis
670 3224 867 3307 adducitur.
889 3233 997 3307 Addit
1024 3243 1141 3306 autem
1170 3253 1209 3304 se

126 3360 312 3428 multorum
346 3326 491 3428 consilio
511 3358 722 3450 sapientum
755 3355 971 3442 indixisse,
997 3378 1077 3441 uec,
1106 3366 1205 3450 putus

125 3479 313 3549 mentitur:
346 3488 382 3548 et
413 3479 627 3551 detensiodis
658 3481 792 3573 copiam
826 3479 1107 3571 advocatumque
1130 3472 1208 3557 fibi

123 3602 199 3674 dari
220 3601 363 3691 flagitat
385 3602 563 3691 Negatur3
584 3614 620 3673 et
640 3601 707 3672 nisi
733 3600 853 3673 divina
880 3598 1121 3673 misericordia
1146 3619 1208 3673 tte-

124 3737 265 3818 sterque
286 3726 384 3794 favor
403 3694 601 3807 occuirerit,
627 3690 742 3796 actum
761 3736 837 3796 est:
864 3723 1033 3833 innocens
1054 3706 1208 3793 indefen-

123 3868 255 3941 susque
269 3830 502 3919 damnabitur
517 3830 701 3917 Homindm
724 3862 805 3938 pars
827 3867 953 3936 magna
964 3836 1205 3947 compatitur:

122 3992 223 4043 nemo
244 3973 330 4042 tere
336 3979 392 4040 est
412 3969 473 4062 qui
495 3988 564 4039 non
585 3967 805 4051 misereatur,
839 3977 966 4058 praeter
990 3987 1053 4037 eos
1071 3963 1207 4058 quibus

123 4093 300 4185 proprium
315 4102 390 4165 erat
412 4090 572 4164 misereri
589 4098 625 4162 et
647 4111 791 4184 parcere
813 4090 1003 4172 erroribus,
1027 4111 1095 4160 nou
1118 4088 1207 4157 invi—
