2670 4688
573 206 726 256 uuisioni
748 208 790 255 ru.
1054 171 1059 182 ’
1158 196 1215 254 ott

139 344 224 416 Vuie
242 366 384 438 sospes,
408 359 443 416 et
464 349 596 419 socium
615 370 713 420 voca.
736 352 881 421 -Heus
898 373 920 422 o
937 353 1005 421 Μ..
1022 406 1029 418 .
1057 351 1214 423 Audiens

136 466 213 539 exit
239 470 296 540 itte
322 491 383 539 ore
403 472 547 562 repleto,
570 483 605 542 et
627 493 730 543 rauca
751 473 812 541 vix
835 474 1011 563 respondit
1030 495 1133 546 voce:
1155 474 1212 557 ob,

86 562 94 735 ἰ
136 587 194 658 ob.
217 589 435 673 Accelerent,
454 590 650 662 discedunt.
673 593 861 676 bonuaso,
884 593 929 662 mi
956 594 1102 687 Optime.

86 412 96 481 i

639 866 715 874 ..-

554 1156 731 1223 nutstott
752 1160 799 1223 tv.

249 1314 639 1387 stttnctscus‘nurntuctt
660 1328 797 1378 Pulncut
818 1327 950 1379 noutno
970 1330 996 1378 S.
1018 1330 1046 1378 P.
1068 1331 1098 1379 D.

193 1469 302 1522 Acriter
314 1467 475 1536 indignatur
490 1465 623 1519 adversus
635 1481 685 1521 eos
699 1465 748 1537 qui
760 1467 899 1537 negabant
912 1466 1018 1522 cunctis
1031 1467 1162 1538 expedire

255 1556 355 1612 urbem
370 1556 490 1612 Romam
505 1558 533 1609 et
547 1553 655 1609 Italiam
672 1554 824 1610 concordes
838 1560 866 1608 ct
879 1554 1008 1625 pacificus
1021 1571 1092 1611 esse.

234 1826 328 1898 Leve
351 1822 517 1919 estquod
538 1848 630 1897 nuno
656 1827 809 1897 animum
828 1826 966 1918 premit:
999 1825 1212 1919 egerendum

136 1959 250 2019 tamen
271 1969 315 2019 ne
331 1950 527 2039 neglectum
548 1946 728 2018 stomacho
747 1947 851 2019 obsit.
881 1949 965 2020 Plus
988 1948 1093 2019 enim.
1107 1970 1214 2040 quam

134 2084 196 2162 pro
217 2050 412 2162 quantitate
428 2068 531 2139 bilem
557 2068 702 2152 excitat,
721 2078 758 2138 et
773 2092 921 2164 parvum
941 2072 1034 2154 iicet,
1062 2070 1214 2160 ingentis

133 2211 277 2262 nauseae
296 2192 478 2263 materiam
495 2191 572 2263 sert.
594 2190 669 2262 Olet
688 2212 814 2285 nempe
831 2193 930 2291 virus
948 2191 1104 2264 abditum
1131 2212 1215 2285 pro-

132 2313 230 2384 fundi
250 2313 449 2404 vetustique
469 2311 550 2383 odii.
567 2314 616 2385 ltu
629 2313 714 2382 mibi
729 2313 851 2385 'visum
869 2325 933 2399 est,
946 2314 999 2386 ita
1016 2315 1076 2386 tibi
1096 2314 1213 2385 visum
1246 2309 1250 2316 ’

133 2433 174 2502 iri
192 2442 308 2503 certus
326 2452 421 2513 sum;
443 2433 524 2502 etsi
545 2431 647 2503 iatius
666 2435 869 2518 innotescat,
892 2436 998 2506 totius
1011 2435 1132 2527 Populi
1146 2436 1215 2506 Ro-

132 2554 224 2624 mani
246 2563 350 2647 atque
363 2551 517 2623 oninium
540 2555 702 2624 Italorum
718 2555 843 2623 animis
857 2556 1080 2626 iucussurum
1094 2556 1215 2626 iustis·

132 2674 232 2782 simae
252 2674 499 2765 indignationis
521 2676 661 2745 aculeos
680 2695 796 2767 spero,
813 2693 1119 2768 excussurumque
1132 2697 1213 2767 gra-

132 2795 294 2867 vedinem
317 2797 475 2891 torporis,
498 2819 569 2889 quo
593 2818 686 2867 nunc
713 2798 848 2888 priscus
874 2818 1056 2889 generosae
1087 2797 1212 2869 indolis

130 2919 232 3008 vigor
252 2929 356 3010 tepet,
379 2917 437 2989 cui
459 2918 495 2989 vi
516 2921 572 2990 vei
593 2930 730 3011 sponte,
754 2921 952 2991 totus'oiim
978 2918 1074 2989 orbis
1093 2918 1209 2989 cessit,

131 3061 223 3110 nunc
244 3039 369 3134 (pudor
385 3039 408 3132 t)
435 3041 544 3130 ultimi
571 3041 749 3111 bominum
776 3041 951 3113 insultant.
986 3042 1060 3113 Non
1092 3041 1212 3111 inutile

128 3181 217 3253 opus
239 3161 453 3253 reipuhtca
476 3165 505 3232 si
520 3163 743 3245 successerit,
759 3175 798 3234 ut
809 3173 903 3258 opto:
920 3163 1043 3233 Brevis
1064 3162 1212 3232 scintilla

129 3303 295 3372 maguum
319 3298 435 3353 movet
455 3284 666 3356 incendium:
686 3284 834 3355 verbum
852 3302 957 3354 unum
975 3285 1160 3354 muitarum
1174 3294 1211 3352 et

128 3424 334 3494 magnarum
349 3425 468 3474 rerum
478 3405 542 3476 iuit
554 3388 777 3479 initium'Sed
791 3407 858 3477 iam
874 3427 929 3477 res
943 3407 1017 3499 ipsa
1031 3402 1210 3476 tractanda

125 3534 193 3607 est,
218 3533 372 3597 nectam
403 3528 542 3618 magnis
566 3529 815 3622 exaggeranda
834 3527 1070 3611 sermonibus,
1102 3549 1207 3619 quam

127 3647 364 3741 indignatione
380 3650 581 3739 tegentium.
603 3651 721 3742 Nuper
740 3651 903 3744 equidem
926 3650 1017 3721 inter
1032 3648 1206 3741 quosdam

124 3791 172 3839 en
194 3769 236 3838 iis
258 3770 317 3860 qui
345 3768 409 3840 sibi
432 3768 599 3841 videntur
620 3772 808 3864 sapientes,
843 3773 920 3844 aliis
947 3775 1033 3843 sorte
1054 3793 1123 3843 non
1147 3773 1202 3852 ita,

124 3888 320 3960 dubitatum
335 3904 370 3961 et
384 3893 418 3961 iu
432 3892 637 3984 quaestionis
653 3896 795 3964 formam
817 3897 1027 3988 propositum
1047 3895 1123 3964 tuit:
1143 3914 1208 3963 ex-

123 4008 257 4102 pediret
277 4035 386 4085 necue
408 4026 577 4084 terrarum
599 4013 673 4083 orbi
696 4013 818 4083 urbem
847 4015 992 4086 Romam
1014 4024 1051 4084 et
1072 4014 1203 4086 italiam

249 4140 287 4181 tu.
1017 4135 1049 4184 33
