2670 4688
309 287 402 335 LlBEll
423 284 711 335 l'lCESlllllSl‘lllllllS.
722 304 761 317 ··
772 286 928 335 Ertsrott
951 286 1003 333 xlt.
1144 272 1194 331 llll

123 421 215 517 quod
236 424 449 518 propositum
472 444 535 493 nee
554 444 663 515 puero
682 422 804 507 deluit,
823 425 892 495 nisi
912 424 1007 516 quod
1027 447 1107 496 cum
1129 427 1201 496 len-

124 555 181 615 tus
212 567 259 617 ex
290 545 474 616 commodo
506 544 609 635 quasi
642 545 821 615 matutinis
854 545 946 616 ibam
974 544 1083 632 horis,
1106 568 1200 616 nune

125 667 271 759 gradum
292 668 393 758 quasi
414 668 537 759 pulsus
559 666 714 757 ingenio,
736 687 842 737 versa
867 666 912 737 ad
937 689 1097 741 oceasum
1125 669 1200 753 die,

124 811 327 881 memorque
347 800 558 882 quantarum
590 810 708 859 rerum
740 787 968 859 fundamenta
988 791 1125 861 iecerim
1153 794 1202 863 le-

125 913 216 982 stino
229 912 386 982 laborum
404 920 522 983 certus
540 911 798 1003 ambiguusque
820 930 1061 983 successuum.
1079 912 1203 983 Serum

125 1031 306 1103 consilium
320 1052 389 1101 non
404 1052 509 1122 neg03
525 1031 588 1102 sed
605 1051 676 1123 quo
694 1031 808 1102 serius
828 1042 1016 1124 sumptum,
1031 1053 1074 1103 eu
1091 1052 1206 1124 prom·

126 1157 220 1244 ptius
251 1153 509 1247 exequendum.
542 1151 724 1225 Aceedunt
747 1154 908 1245 exempla
933 1153 1205 1225 clarissimorum

127 1276 407 1367 hominumquae
425 1277 572 1347 salivam
586 1278 741 1347 excitant
759 1285 1005 1369 torporemque
1018 1275 1206 1361 decutiunt,

128 1398 278 1490 totisque
298 1400 367 1468 iam
389 1400 523 1468 fessum
544 1396 706 1468 noctibus
728 1397 870 1488 agitant.
892 1396 979 1468 Nolo
999 1397 1091 1469 enim
1112 1398 1208 1469 msti-

127 1543 201 1593 mes
224 1544 330 1592 unum
352 1520 628 1604 Themistoclem,
650 1530 712 1591 aut
744 1541 852 1591 unum
884 1540 967 1592 esse
993 1520 1206 1593 Miltiadem:

126 1645 225 1715 multi
245 1655 337 1716 sunt.
359 1644 462 1715 Plura
482 1643 648 1734 deinceps
675 1653 710 1714 et
735 1664 814 1713 cum
844 1644 985 1727 maiora,
1009 1654 1141 1728 amen,
1169 1652 1209 1715 ut

126 1788 241 1860 spere,
264 1768 368 1839 etiam
390 1766 518 1837 tutiora
552 1778 634 1836 sunt
663 1784 744 1858 quae
764 1774 906 1839 restant.
927 1766 1029 1838 Nunc
1050 1787 1208 1860 praesen·

128 1905 198 1959 tem
218 1889 324 1958 animi
346 1889 414 1958 mei
435 1897 574 1972 statum,
597 1888 698 1960 cuius
719 1888 885 1961 noscendi
904 1888 1047 1961 avidum
1067 1898 1101 1959 te
1119 1888 1207 1959 seie-

127 2009 216 2093 bam,
232 2009 333 2080 nosti.
348 2010 411 2081 His
428 2010 564 2081 artibus
583 2011 673 2081 nitor
686 2013 805 2103 lugam
819 2011 1030 2107 rapidissimi
1043 2012 1208 2106 temporis

126 2133 275 2202 traenare
296 2132 326 2202 si
347 2131 463 2217 liceat,
485 2142 521 2202 et
542 2131 606 2206 hos
624 2134 792 2226 pauculos
809 2131 885 2205 dies
899 2131 1004 2204 morti
1024 2131 1210 2226 subripere

127 2252 285 2345 legendo,
307 2253 507 2339 scribendo,
527 2254 724 2346 cogitando,
742 2254 933 2347 vigilando.
948 2254 1101 2340 sienim,
1115 2254 1211 2349 quod

127 2377 245 2465 magni
265 2376 432 2447 dixerunt
443 2378 525 2460 viri,
542 2398 688 2449 somnus
709 2385 766 2450 est
786 2398 896 2463 mors,
913 2376 987 2449 vita
1003 2376 1123 2471 vigilia
1140 2387 1209 2462 est,

130 2494 181 2564 sie
202 2495 324 2565 saltem
344 2497 503 2588 pluribus
521 2497 617 2570 horis
638 2500 768 2571 vivam.
790 2500 885 2573 Vale.

271 2637 433 2709 Mediolani,
449 2640 543 2695 idibus
557 2642 730 2701 Novembris.

536 3074 714 3139 EPISTULA
734 3074 803 3141 xllt.

157 3240 351 3291 sntdctsctts
372 3242 541 3293 Parauaea
561 3242 739 3293 natumsed
758 3242 868 3295 Plllttnt
888 3242 934 3293 SS.
954 3242 1187 3295 Aeosrououttu

607 3345 634 3394 S.
656 3346 684 3395 P.
705 3346 737 3395 ll.

377 3484 461 3538 Suum
475 3484 584 3540 vivendi
597 3485 733 3541 rationem
749 3484 847 3558 pandit
858 3486 959 3543 amieo.

229 3704 348 3796 Neque
380 3704 475 3795 quod
508 3706 639 3797 saepius
669 3727 860 3798 paucorum
893 3707 1067 3791 semitam,
1097 3732 1209 3801 neque

128 3826 224 3916 quod
244 3826 417 3897 interdum
440 3826 505 3897 iter
526 3827 686 3919 sequeris
703 3831 892 3903 multorum
913 3832 1029 3903 miror.
1052 3832 1209 3901 Alterum

129 3958 167 4018 ut
181 3949 408 4043 philosophus
423 3948 522 4034 laeiS,
537 3950 684 4021 alterum
699 3961 735 4023 ut
748 3950 864 4025 homo.
872 3954 979 4026 Nemo
992 3966 1059 4025 tam
1073 3954 1210 4045 sapien-

130 4071 186 4142 tiae
202 4070 353 4156 deditus,
370 4073 431 4165 qui
444 4094 512 4142 non
529 4072 741 4167 quandoque
757 4074 809 4179 ad¹
821 4077 1074 4150 humanitatem
1089 4073 1207 4145 redeat
