2834 5086
180 655 217 716 3⁰2
516 670 556 717 na
578 670 678 720 nunus
700 671 921 722 rautntlnraus

180 825 248 874 non
268 807 355 873 forte
379 803 641 897 cupiditatibus,
669 817 705 878 at
731 811 884 900 prolecto
907 807 1176 881 necessitatibus
1203 824 1259 881 ost

180 928 376 997 consultum
394 929 492 999 meis.
508 929 557 999 llli
576 931 706 1022 gratias
725 932 798 1002 Deo
814 931 875 1022 qui
893 932 1001 1002 multo
1016 931 1137 1002 verius
1154 953 1259 1024 quam

181 1048 365 1120 Maroneus
387 1051 444 1123 ille
468 1052 575 1146 Tytiri
595 1053 684 1123 deus

522 1243 614 1306 llobis
632 1246 695 1307 limo
713 1245 773 1307 otia
790 1246 859 1307 lecit

182 1417 269 1487 adeo
289 1420 477 1489 clementer
496 1430 533 1489 et
553 1421 587 1488 in
608 1431 793 1512 utramque
813 1431 944 1513 partem
966 1423 1192 1514 aequabiliter.
1222 1438 1262 1497 ut

183 1543 335 1612 animum
359 1563 422 1611 nec
440 1562 544 1611 arens
566 1542 694 1632 iuopia,
716 1563 782 1611 nec
801 1542 988 1613 exundans
1009 1544 1107 1638 copia
1124 1546 1260 1636 fatiget,

112 1698 120 1715 ·
185 1662 246 1733 sed
266 1664 345 1733 binc
365 1663 458 1732 illinc
481 1665 603 1753 aequis,
625 1662 659 1732 ni
681 1664 789 1748 fallor,
809 1666 931 1758 spatiis
949 1665 1075 1739 abesse
1101 1688 1157 1738 me
1177 1690 1264 1760 gau-

184 1785 297 1856 deam.
316 1784 453 1854 Divitiae
470 1803 557 1853 meac
575 1782 745 1856 hactenus
757 1798 792 1857 et
807 1786 888 1856 mibi
904 1788 1128 1860 sufficiuntet
1141 1791 1263 1860 amicis

61 1884 64 1893 ’
186 1928 254 1976 non
283 1904 449 1975 deliciunt
478 1903 673 1996 egentibus,
701 1908 831 2001 quique
871 1932 939 1981 non
981 1913 1123 1982 ultimus
1158 1932 1263 2007 opum

185 2028 320 2097 tructus
339 2039 406 2111 est,
429 2037 535 2098 urunt
555 2028 713 2114 invidos,
734 2030 970 2124 cruciantque.
994 2033 1263 2106 Mediocritatem

186 2150 350 2242 optimam
370 2150 418 2220 ait
436 2151 571 2221 Cicero:
594 2151 741 2224 Flaccus
754 2175 798 2224 oo
811 2157 961 2249 amplius
983 2178 1125 2229 auream
1146 2141 1264 2241 vocat,

188 2273 291 2345 credo
312 2284 350 2344 ut
371 2272 421 2345 sic
441 2275 605 2367 optimam
627 2274 749 2368 probet
766 2277 961 2363 interillos,
977 2278 1105 2372 quibus
1120 2279 1166 2349 nil
1180 2300 1266 2350 auro

187 2397 312 2467 melius
329 2417 410 2467 esse
431 2418 636 2491 persuasum
665 2411 730 2469 est.
759 2402 841 2472 Haec
867 2424 952 2492 ergo
979 2423 1095 2472 rerum
1121 2401 1264 2492 optima,

187 2516 264 2588 baec
276 2539 360 2587 vere
373 2539 495 2602 aurea,
510 2519 581 2589 Deo
595 2530 798 2610 praestante,
817 2520 957 2611 obtigit,
979 2532 1018 2589 ut.
1039 2529 1074 2589 tu
1095 2520 1216 2588 saltem
1232 2533 1269 2592 et

189 2641 253 2711 mei
275 2652 409 2711 amator
427 2653 463 2710 et
482 2641 638 2725 virtutis,
660 2643 741 2713 buic
762 2641 866 2712 statui
892 2637 1091 2730 gratuleris,
1120 2657 1187 2705 non
1214 2638 1267 2705 in-

189 2766 298 2834 sultes
326 2774 387 2834 aut
419 2765 595 2837 detrahas.
629 2766 704 2858 Ego
737 2761 909 2856 autemtsi
939 2783 1006 2833 non
1036 2760 1100 2830 bac
1123 2756 1264 2851 quidem

188 2900 282 2959 sorte
301 2897 484 2962 contentus
503 2887 582 2974 sim,
597 2885 905 2983 quoprogrediar‘l
917 2885 982 2958 Ubi
1000 2893 1128 2956 metam
1141 2878 1268 2973 ligem?

188 3014 257 3083 Seu
282 3015 367 3106 quid
390 3025 506 3099 restat,
541 3014 617 3084 nisi‘
638 3024 676 3083 ut
700 3011 789 3082 inter
816 3009 1020 3104 Arimaspos
1041 3028 1131 3081 unus
1157 3003 1270 3095 gentis

188 3134 358 3215 adscitus
382 3157 450 3205 uno
469 3157 532 3205 seu
551 3132 671 3202 verius
691 3135 785 3202 nullo
806 3135 908 3202 oculo
929 3152 1008 3200 cum
1029 3127 1166 3197 Arctois
1187 3144 1272 3218 gry-

190 3250 318 3339 phibus
335 3250 464 3319 bellum
485 3253 630 3339 geram?
650 3249 693 3317 Et
711 3250 776 3318 boc
794 3249 935 3338 quidem
955 3248 1001 3318 de
1019 3244 1146 3338 opibus
1168 3245 1268 3332 meis

190 3366 374 3460 dequibus
388 3370 504 3440 hercle
517 3389 695 3460 nunquam
709 3367 803 3457 loqui
817 3366 1069 3456 cogitaveram,
1085 3365 1175 3439 dicta
1191 3368 1268 3449 sint,

192 3494 225 3562 in
245 3514 394 3585 quarum
417 3490 662 3573 aestimatione,
686 3489 716 3560 si
737 3509 757 3558 a
778 3510 865 3559 vero
884 3489 1026 3559 forsitan
1051 3500 1110 3561 tua
1126 3491 1270 3564 deflexit

191 3618 307 3709 opinio
328 3618 428 3687 lamae
448 3613 592 3705 decepta
611 3610 786 3702 vestigiis,
807 3630 874 3680 non
892 3610 1009 3695 miror,
1025 3612 1120 3705 quod
1136 3625 1171 3685 et
1184 3626 1271 3684 tem·

192 3762 258 3834 pus
280 3749 315 3810 et
334 3741 432 3809 locus
457 3746 493 3807 et
517 3737 592 3829 ipsa
614 3733 664 3804 rei
690 3744 813 3804 natura
838 3754 989 3805 errorem
1012 3735 1188 3830 peperisse
1208 3756 1271 3826 po·

194 3864 307 3935 tuerit.
340 3862 428 3932 Nam
461 3868 496 3929 cl
526 3856 701 3927 diuturnae
734 3855 833 3927 nobis
854 3855 1023 3928 absentiae
1050 3878 1165 3928 moras
1191 3856 1272 3927 lecit

195 4008 309 4056 rerum
338 3996 450 4056 status
481 3980 692 4063 ltalicarum,
713 3989 749 4050 ot
769 3978 847 4049 lioet
879 3981 969 4050 inter
997 3988 1193 4074 praesentes
1219 3979 1269 4047 rei

193 4106 370 4178 familiaris
390 4102 577 4175 aestimatio
593 4124 636 4174 eo
648 4104 735 4174 solet
751 4124 832 4173 esse
845 4102 1032 4185 difficilior,
1050 4122 1121 4194 quo
1141 4098 1272 4171 facilior

193 4215 245 4299 o'st
260 4227 488 4298 roliaotantia
511 4227 704 4297 mortalium
728 4228 782 4296 vel
804 4230 959 4319 querela,
982 4224 1064 4295 dum
1081 4224 1136 4293 vel
1152 4242 1273 4315 super-

195 4351 250 4418 bia
271 4351 377 4421 salsas
398 4369 481 4442 opes
499 4350 655 4427 simulat,
674 4352 729 4419 vel
748 4351 869 4420 lalsam
888 4349 948 4418 llet
961 4345 1107 4417 avaritia
1126 4367 1272 4439 pauper-

198 4486 312 4543 tatum.
334 4472 369 4542 lu
391 4494 433 4545 cu
455 4496 538 4545 sano
559 4473 650 4564 quud
674 4472 846 4563 seqnitur,
870 4489 1018 4560 quanam
1040 4470 1096 4536 vol
1124 4467 1189 4537 mni
1216 4468 1272 4537 vel
