2670 4688
163 278 221 339 238
503 286 544 333 ns
565 285 667 333 risuus
687 284 909 333 rnuuruuuus

162 433 263 529 pretii
281 438 415 512 essent,
438 428 526 499 inter
544 429 784 499 contusionem
803 426 1067 520 exemplarium,
1089 438 1129 499 et
1148 449 1259 501 oocu-

163 557 320 650 pntiones
350 572 449 625 meas
472 570 564 642 pene
598 550 665 619 inm
698 547 922 640 desperatas,
955 561 991 622 et
1020 562 1179 643 quatuor
1210 551 1259 625 ab

163 678 285 749 amieis
307 697 410 768 opem
438 673 522 743 mihi
549 672 708 762 pollicitis
742 681 907 756 tentatus,
938 682 975 744 et
1005 672 1052 744 ab
1082 673 1258 745 omnibus

163 801 250 873 calle
275 797 393 870 medio
417 794 594 877 desertas,
621 794 688 866 iste
713 815 806 865 uuus
839 793 1039 866 aderitum
1068 795 1256 887 perduxit,

166 943 233 993 non
252 920 395 1013 quidem
416 940 549 1000 omues,
577 917 642 988 sed
660 937 723 987 eas
752 937 833 1009 quae
854 938 923 988 uno
942 939 1011 989 non
1033 917 1173 989 enormi
1200 919 1257 989 ni·

164 1047 272 1117 mium
293 1043 472 1114 volumine
491 1041 567 1133 capi
590 1049 745 1134 possent,
772 1061 862 1131 quae,
891 1039 922 1111 si
950 1040 1038 1113 lianc
1058 1038 1130 1111 illis
1158 1041 1256 1111 inse-

167 1188 279 1250 ruero,
301 1187 487 1237 numerum
509 1171 741 1266 trecentarum
766 1174 803 1232 et
821 1161 1076 1254 quinquaginta
1094 1164 1254 1257 comple·

166 1289 269 1368 bunt,
290 1308 379 1381 quas
402 1296 437 1357 tu
456 1285 538 1357 olim
558 1286 650 1357 illius
665 1308 770 1358 mauu
784 1285 942 1378 scriptas,
959 1294 1155 1378 praestaute
1170 1287 1253 1367 Deo,

165 1412 327 1508 aspicies,
353 1431 422 1480 non
451 1429 541 1498 vagu
560 1408 702 1500 quidem
719 1429 761 1479 ac
778 1407 968 1479 luxurianti
986 1407 1101 1480 littera
1120 1408 1253 1500 (qualis

165 1545 221 1604 est
253 1532 461 1623 scriptorum
496 1551 557 1600 seu
588 1530 709 1600 verius
742 1530 912 1623 pictorum
944 1530 1055 1601 nostri
1081 1532 1254 1625 temporis

106 1662 109 1669 '
165 1655 269 1742 longe
292 1652 413 1721 oculos
439 1650 610 1730 mulcens,
642 1670 750 1741 prope
782 1662 900 1723 autem
933 1649 1088 1721 alliciens
1111 1672 1157 1723 uc
1178 1652 1255 1724 lati-

165 1793 269 1865 gans,
289 1770 392 1863 quasi
413 1771 458 1842 ad
479 1770 575 1842 aliud
596 1793 700 1862 quam
722 1771 766 1844 ad
792 1773 978 1863 legendum
1008 1774 1055 1845 sit
1087 1774 1252 1860 inventa,

165 1903 202 1965 et
230 1915 316 1976 uon,
345 1901 383 1963 ut
408 1892 715 1983 grammaticorum
747 1894 907 1989 princeps
927 1896 990 1979 uit,
1012 1895 1129 1967 littera
1150 1898 1254 1990 quasi

166 2015 312 2109 legitera
332 2013 425 2087 dicta
451 2015 525 2103 sit),
553 2015 616 2085 sed
641 2015 709 2088 alia
734 2018 886 2108 quadam
909 2016 1078 2110 castigata
1098 2029 1136 2091 et
1156 2023 1253 2093 clara

165 2157 274 2229 seque
297 2139 387 2208 ultro
407 2136 518 2209 oculis
539 2137 734 2227 ingerente,
757 2139 790 2208 in
811 2161 881 2231 qua
902 2140 986 2211 nihil
1004 2140 1255 2236 orthographi-

165 2280 259 2342 cum,
283 2259 368 2329 nihil
392 2259 533 2330 omnino
559 2259 799 2350 grammatico
824 2259 909 2331 artis
944 2264 1115 2335 omissum
1140 2265 1254 2339 dicas.

65 2466 70 2474 ἢ
164 2382 210 2451 Et
229 2381 274 2454 de
295 2382 350 2454 his
372 2384 553 2454 hacteuus.
574 2384 617 2454 Ut
637 2405 722 2455 vero
747 2384 781 2454 iu
803 2384 858 2455 his
880 2386 1039 2458 ultimum
1060 2387 1106 2459 sit
1125 2389 1255 2461 litteris

163 2503 260 2597 quod
281 2506 432 2599 primum
454 2506 487 2575 in
508 2507 624 2579 animo
652 2530 732 2580 meo
761 2509 841 2593 luit,
873 2518 929 2579 est
962 2509 1018 2581 liic
1046 2508 1193 2602 quidem
1219 2513 1254 2581 in

166 2626 287 2721 primis
310 2625 357 2697 ad
381 2630 552 2720 poeticam
579 2651 723 2723 prorue,
759 2632 793 2702 in
822 2653 893 2722 qua
926 2630 955 2701 si
988 2630 1104 2722 pergit
1137 2655 1256 2727 usque

165 2750 255 2820 adeo
270 2757 309 2821 ut
324 2770 405 2818 cum
424 2761 580 2842 ternpore
597 2753 751 2822 animum
772 2751 898 2831 firmet,
913 2752 958 2823 ad
970 2766 1104 2824 certum
1119 2754 1256 2849 aliquid

164 2880 201 2941 et
220 2870 338 2941 mirari
360 2879 394 2941 te
414 2882 517 2961 coget
534 2881 569 2942 et
588 2872 755 2962 gaudere.
774 2872 899 2944 Adhuc
922 2883 1037 2944 tamen
1059 2897 1121 2966 per
1141 2874 1256 2947 imbe-

165 2991 339 3065 cillitatem
360 2992 476 3064 aetntis
498 3016 611 3083 vagus
631 3003 701 3075 est,
724 2994 890 3066 necdum
910 2996 997 3066 satis
1017 2997 1113 3088 quod
1131 2997 1252 3071 dicere

166 3115 251 3185 velit
270 3115 429 3200 instituit,
453 3113 520 3188 sed
539 3114 710 3206 quidquid
730 3114 847 3188 dicere
868 3120 953 3200 vult,
976 3120 1045 3191 alte
1058 3120 1252 3193 admodum

166 3236 249 3310 dicit
268 3250 373 3331 utque
391 3248 525 3309 ornate.
544 3237 664 3328 ltaque
686 3258 783 3331 saepe
804 3238 849 3309 illi
868 3261 1011 3313 carmen
1030 3240 1165 3312 excidit
1182 3267 1253 3317 nou

168 3379 334 3431 sonorum
355 3359 471 3441 modo,
493 3358 556 3431 sed
576 3380 685 3450 grave
701 3370 737 3432 el
763 3362 914 3456 lepidum
937 3378 1196 3458 maturumque,
1216 3380 1254 3441 et

167 3481 263 3574 quod
282 3494 393 3574 poetae
410 3482 506 3553 senis
520 3493 631 3575 putes,
647 3482 711 3552 nisi
726 3506 852 3556 noscas
866 3497 1054 3559 auctorem.
1072 3487 1251 3574 l‘irmubil,

170 3617 207 3675 ut
232 3626 345 3698 spero,
371 3607 523 3678 animum
542 3626 584 3677 ac
601 3603 731 3685 stilum,
753 3617 789 3676 et
808 3629 855 3677 er
877 3610 995 3680 multis
1018 3633 1124 3680 unum
1145 3632 1252 3685 suunt

166 3747 208 3795 ac
228 3726 408 3819 proprium
425 3724 598 3807 conflabit,
615 3736 652 3797 el
668 3725 894 3799 imitationem
915 3753 982 3803 nou
1003 3731 1115 3804 dicum
1131 3733 1250 3823 lugiet,

166 3847 230 3916 sod
252 3848 393 3932 celabit,
417 3852 468 3921 sic
489 3859 527 3920 ut
544 3851 629 3921 nulli
650 3848 773 3921 similis
793 3849 976 3941 adpareat,
999 3854 1064 3924 sed
1083 3876 1132 3925 ex
1150 3862 1251 3927 vete·

166 3968 263 4041 ribus
285 3996 416 4046 novum
437 3973 615 4063 quoddam
641 3974 740 4047 Latio
765 3970 926 4042 intulisse
951 3973 1123 4047 videatur.
1149 3976 1252 4049 Nunc

132 4104 135 4110 ·
167 4112 279 4185 usque
305 4104 422 4169 autem
450 4096 703 4172 imitationibus
724 4092 871 4188 gaudet,
892 4092 987 4183 quod
1013 4116 1117 4168 soum
1142 4096 1252 4173 habet
