2670 4688
181 249 219 309 62
515 256 556 306 ll!
576 257 676 307 REBUS
698 256 919 309 rltllulllmlts

179 411 242 481 est,
262 396 358 490 quod
375 395 495 488 negari
515 397 642 488 quovis
663 395 807 489 imperio
826 415 896 467 non
918 405 1041 489 potest,
1060 397 1154 469 nodo
1174 398 1265 471 licet

179 543 220 593 ac
240 519 348 591 libero
369 520 493 591 affectu
513 517 620 589 rebus
640 516 817 610 oppressis
838 517 959 601 milito,
981 529 1016 591 et
1036 529 1075 589 ut
1093 529 1260 593 vestrum

179 665 278 727 unus
300 654 464 715 eventum
492 642 549 713 lati
572 640 699 712 anxius
720 652 822 734 atque
843 641 957 713 animo
978 662 1174 736 suspensos
1193 664 1264 737 op-

176 766 301 862 perior.
323 766 472 839 Proinde
491 763 577 857 quid
598 784 750 856 sperem,
774 762 941 855 seuquid
962 765 1083 857 loquor
1102 767 1260 858 amplius

176 912 243 963 non
262 888 382 972 habeo,
401 888 466 961 nisi
488 886 641 959 Philonis
662 907 771 978 grave
791 884 876 958 illud
894 897 930 959 et
945 885 1092 960 dicentis
1112 889 1261 979 ingenio

174 1025 209 1086 et
220 1014 385 1109 praesenti
403 1034 518 1082 rerum
538 1009 641 1080 statui
658 1007 871 1081 conveniens
888 1009 1035 1080 dictum:
1049 1009 1141 1081 bono
1157 1010 1258 1083 enim

175 1137 289 1207 animo
314 1156 394 1205 esse
414 1143 563 1224 oportet,
591 1130 672 1224 qnia
692 1152 838 1201 necesse
858 1140 913 1202 est
938 1130 1064 1203 adesse
1089 1131 1259 1205 divinum

174 1254 233 1326 ubi
255 1255 445 1324 humanum
467 1263 582 1322 cessat
606 1252 785 1324 auxilium.
808 1251 852 1322 Et
872 1252 955 1324 illud
976 1251 1170 1325 Terentiam
1199 1274 1260 1327 so-

174 1379 228 1448 nis
245 1378 279 1446 in
300 1374 488 1468 Adelphis:

313 1558 353 1622 lta
372 1559 433 1621 vita
450 1565 496 1622 est
512 1559 673 1623 hominum
689 1561 777 1640 qnasi
792 1577 864 1624 cum
881 1561 966 1625 ludos
983 1560 1124 1625 tesseris:

315 1654 347 1718 Si
365 1654 437 1717 illud
453 1657 535 1736 quod
552 1656 685 1720 maxime
702 1664 748 1721 est
764 1673 841 1738 opus
857 1660 936 1722 iactu
951 1676 1013 1722 non
1028 1657 1117 1736 cadit,

314 1753 388 1818 lllud
404 1771 528 1835 quoque
544 1755 652 1820 cecidit
668 1757 746 1820 rorte
763 1758 792 1820 id
809 1764 874 1821 arto
892 1766 926 1821 ut
943 1758 1088 1838 corrigas.

175 1923 258 1995 lnde
281 1935 313 1995 te
333 1946 394 1997 oro
415 1950 485 2020 qua
504 1937 619 2020 potes,
641 1928 849 2022 afflictaeque
864 1931 1076 2024 Reipublicae
1088 1933 1252 2007 solamen

175 2048 254 2119 hinc
274 2049 456 2120 consilium
478 2050 615 2122 elicito:
637 2062 673 2122 et
693 2053 771 2122 vole
790 2053 898 2123 nostri
919 2076 1062 2126 memor.

315 2192 427 2267 Raptim
440 2194 569 2266 ambigua
583 2196 637 2250 iam
651 2197 722 2250 luce.
738 2195 800 2251 vll.
815 2195 953 2253 Kalendas
968 2198 1140 2257 Novembris.

589 2735 765 2800 orrsronl
785 2736 830 2799 lll.

231 2902 425 2955 rnlnctscus
447 2901 615 2953 sormones
635 2900 881 2952 olnmwcottmo
896 2901 1051 2953 coodssnsr
1065 2903 1091 2952 S.
1108 2902 1136 2952 P.
1153 2903 1184 2954 D.

207 3064 308 3139 Longis
321 3064 483 3137 crebrisque
495 3060 618 3135 epistolis
633 3059 787 3117 scribendis
801 3075 831 3115 sc
844 3075 955 3132 operam
969 3061 1035 3119 dare
1049 3079 1104 3120 non
1117 3079 1208 3135 posse.

268 3328 427 3401 Amicum
454 3327 539 3399 socio
569 3328 724 3419 ignotum
750 3328 784 3398 in
811 3327 935 3399 litteris
960 3329 1085 3403 video:
1113 3330 1244 3404 florens

173 3464 277 3546 atquo
304 3452 439 3543 integra
460 3462 515 3522 est
532 3460 636 3530 mles,
658 3449 784 3521 ardens
811 3449 1001 3542 ingenium,
1029 3453 1242 3547 expeditum,

173 3579 289 3659 volox,
319 3577 397 3645 lrctn
426 3594 524 3645 mens
553 3582 590 3643 et
618 3572 688 3644 otio
719 3571 911 3658 abundans
942 3575 1102 3647 amicitiae
1135 3580 1244 3649 multa

173 3698 237 3769 vis.
274 3699 403 3769 llorunr
445 3696 527 3768 mihi
565 3705 692 3790 praeler
731 3695 889 3768 ultimum
926 3696 1011 3768 nihil
1047 3711 1111 3771 est.
1146 3700 1243 3770 AEtes

175 3821 239 3891 inm
274 3819 429 3903 dovoxo,
464 3831 502 3892 nt
531 3819 590 3913 qui
617 3838 713 3909 aegre
747 3831 907 3910 superato
937 3821 1066 3892 vertice
1096 3823 1240 3917 lapidosi

173 3942 299 4013 mordis
331 3943 396 4013 inor
427 3943 642 4017 descendere
670 3940 801 4034 incipit,
820 3952 856 4012 et
888 3941 947 4032 qui
978 3942 1089 4016 nitens
1117 3968 1241 4018 ascen-

172 4064 283 4143 rlrrnt,
308 4086 438 4157 pronos
460 4068 565 4138 lbrlnr
592 4066 635 4139 ad
655 4065 809 4158 relique:
834 4063 1008 4152 ingenium
1029 4068 1179 4160 tepidum
1207 4080 1240 4139 rt
