2670 4688
491 290 645 340 uursrouu
668 293 749 340 ιιιιι.
1083 277 1139 337 lli

62 429 206 510 surdus,
243 428 306 500 sed
337 447 406 497 nou
439 438 558 500 mutus
591 428 804 523 eupropio
831 430 935 520 coepti
967 427 1139 498 sermonis

63 560 213 621 torrente
227 548 430 643 prolluebat.
450 551 555 621 blulla
576 551 620 621 de
641 560 675 621 to
695 551 731 619 in
750 551 893 643 primis:
912 548 1016 642 quam
1035 549 1137 631 mihi,

61 692 165 762 quam
199 670 246 739 illl
278 670 396 740 itidem
429 662 574 742 amicus.
607 671 725 742 Mirari
757 671 846 761 eoepi
879 671 1042 762 quisnam
1071 672 1137 743 iste

60 791 248 887 Dionysius
273 793 334 885 qui
360 791 461 863 uobis
492 813 633 889 quoque
649 792 803 864 tertius·
822 792 1042 875 accessisset,
1071 793 1137 863 Du·

60 913 172 984 monis
194 922 253 982 aut
272 912 372 983 Pitiae
392 913 547 984 moribus
569 915 682 986 simlle
697 912 781 983 nibil
801 913 950 997 habens,
968 934 1034 985 nec
1049 902 1137 983 'satis

60 1034 253 1123 inlelligere
287 1032 378 1105 unde
410 1035 473 1104 ille
502 1044 535 1105 le
568 1012 737 1106 nosceret.
772 1033 823 1105 lle
854 1056 910 1135 me
942 1033 1034 1103 enim
1067 1053 1137 1104 non

61 1157 177 1226 miror.
201 1156 255 1227 Ab
275 1167 434 1228 extrema
455 1157 732 1228 infantia·nescio
749 1179 820 1249 quo
844 1140 960 1229 sidere
983 1157 1061 1229 lrae'o
1080 1152 1137 1229 me

61 1279 179 1369 lingua
211 1279 443 1374 persequitur,
479 1300 544 1351 nec
576 1289 732 1351 mutasse
758 1279 895 1375 climata
914 1290 949 1349 el
969 1276 1136 1370 effugisse

62 1399 206 1492 patriam
243 1424 298 1472 me
331 1403 439 1473 iuvat.
470 1402 507 1471 ln
542 1412 576 1474 te
603 1411 721 1472 nostra
742 1402 855 1499 ompls
875 1399 1137 1501 admirationt

61 1520 160 1592 nobis
180 1543 249 1593 non
271 1525 408 1594 animus
429 1523 549 1609 modo,
572 1524 635 1595 se'd
656 1527 770 1595 latum·
785 1522 890 1605 idem,
914 1530 956 1627 ut
963 1521 1136 1595 euntibus

61 1641 117 1713 via
139 1664 257 1727 sacra,
278 1646 430 1715 Bolanus
451 1643 545 1716 idem
568 1657 707 1735 semper
724 1640 875 1725 obuim.;
896 1626 1025 1747 quibus
1042 1643 1135 1721 enim

61 1763 105 1834 ad
128 1775 161 1834 te
182 1766 240 1834 ille
265 1765 461 1837 tramitibus
494 1774 714 1858 penetrasset
746 1765 901 1835 incertus
931 1742 1136 1851 &amfoss

59 1887 283 1956 memineram
306 1910 361 1958 me
380 1888 427 1958 illi
448 1889 579 1960 aditum
608 1886 817 1981 praebuissel·
834 1885 919 1955 Cum
940 1878 1035 1963 enlm
1055 1897 1136 1959 aute

59 2009 190 2098 aliquot
221 2030 359 2081 menses
381 2011 440 2082 ille
460 2011 543 2081 mihi
564 2007 632 2081 sub
652 1988 901 2079 ardentissimo
921 2004 994 2079 sole
1014 2012 1136 2102 pulve-

59 2130 196 2199 rulento
219 2139 255 2201 el
274 2143 371 2203 arcto
387 2133 539 2223 quodam
560 2134 636 2204 loco
656 2129 885 2215 occurrisset,
904 2138 1033 2223 meque
1053 2151 1134 2203 con·

58 2251 170 2322 lestim
204 2272 251 2323 ox
285 2274 381 2324 more
413 2252 534 2325 verbis
571 2275 765 2365 aggpessus
801 2264 916 2340 esset,
951 2276 1014 2327 neo
1053 2276 1135 2348 spes

59 2372 134 2464 opis
168 2385 370 2464 superesset
402 2387 462 2445 aut
494 2376 600 2465 ingre,
629 2375 692 2447 sed
714 2374 794 2444 lrino
814 2379 880 2456 sol,
903 2376 985 2446 hinc
1003 2377 1133 2470 pulvis,

60 2493 140 2563 binc
162 2494 302 2578 cicadae,
325 2494 406 2566 hinc
421 2497 573 2586 Bolanus
594 2496 661 2565 iste
680 2504 847 2577 certaret,
864 2495 948 2585 quid
967 2499 1136 2566 lacerem?

59 2610 204 2685 lubebat
227 2615 283 2686 ille
310 2617 439 2708 aliquid
473 2614 539 2686 sibi
567 2617 734 2685 committi
761 2617 795 2685 in
815 2616 962 2707 patriam
984 2612 1029 2686 ad
1050 2618 1136 2687 ami-

59 2757 141 2818 cos;
176 2737 346 2829 negabam
378 2760 445 2830 ego
476 2738 664 2810 commisso
689 2759 778 2830 opus
803 2757 907 2818 esse;
938 2739 994 2808 ille
1021 2749 1135 2809 trans-

60 2879 163 2930 verso
184 2860 424 2954 quadrupede,
446 2861 623 2953 occupatis
645 2859 818 2953 angustiis
845 2857 1015 2930 obstabat.
1039 2860 1136 2952 Coepi

60 2984 241 3054 consilium
262 3006 309 3053 ex
331 2993 498 3079 tempore,
528 2984 645 3075 ulique
668 2983 809 3054 lemeis
830 2982 949 3054 verbis
970 2986 1136 3054 salutaret

59 3105 230 3196 imposui:
252 3108 299 3178 ita
320 3119 503 3179 contentus
530 3107 587 3177 ille
612 3106 805 3177 ministerio
825 3105 947 3189 cessit,
970 3116 1090 3197 elego
1114 3130 1135 3178 a

60 3225 220 3298 manibus
253 3232 352 3300 amici
386 3230 497 3302 bostis
530 3232 644 3314 evasi,
678 3240 773 3299 ratus
802 3228 837 3298 id
865 3229 1014 3299 verbum
1040 3226 1135 3319 quod

60 3346 143 3417 milri
164 3351 320 3442 elapsum
341 3364 448 3429 esset.
471 3372 694 3445 nequaquam
715 3359 812 3421 tanto
834 3348 950 3419 studio
971 3352 1135 3441 colligen-

58 3472 141 3544 dum
168 3473 462 3566 servandumque.
495 3473 564 3547 Sed
596 3472 782 3543 verborum
810 3471 959 3566 impiger
984 3472 1136 3563 agricola

58 3591 221 3685 loquendi
256 3612 373 3662 semen
408 3580 561 3664 oblatum
595 3614 663 3663 non
704 3597 771 3663 tam
813 3590 991 3662 sterilibus
1030 3594 1135 3664 sulcis

60 3714 217 3798 mandat,
243 3716 326 3804 quin
356 3724 469 3785 tamen
504 3716 732 3785 centesimum
766 3715 913 3784 lruclum
949 3716 1057 3785 ierat:
1087 3716 1136 3788 sic

60 3838 224 3908 sementis
242 3836 383 3927 exiguae
396 3837 671 3928 copiosissimam
686 3856 838 3908 messem
852 3837 1007 3907 reterens
1024 3856 1134 3928 capax

61 3954 221 4030 horreum
244 3961 371 4052 patulae
392 3959 486 4029 auris
508 3958 722 4051 impleverat,

137 4092 223 4159 llulta
241 4114 334 4177 sopor
352 4098 471 4160 l’riumo
489 4098 647 4161 cumulans
666 4113 758 4177 supcr
775 4098 903 4159 {luctor-n
919 4098 1033 4173 multa;
1072 4096 1078 4106 '

181 4213 216 4251 ιιιΙ
949 4200 979 4251 2’7
