<?xml version="1.0" encoding="UTF-8"?>
<!DOCTYPE html PUBLIC "-//W3C//DTD XHTML 1.0 Transitional//EN"
    "http://www.w3.org/TR/xhtml1/DTD/xhtml1-transitional.dtd">
<html xmlns="http://www.w3.org/1999/xhtml" xml:lang="en" lang="en">
 <head>
  <title>
</title>
<meta http-equiv="Content-Type" content="text/html;charset=utf-8" />
  <meta name='ocr-system' content='tesseract 3.04.00' />
  <meta name='ocr-capabilities' content='ocr_page ocr_carea ocr_par ocr_line ocrx_word'/>
</head>
<body>
  <div class='ocr_page' id='page_1' title='image "./epistolaederebu01fracgoog_0033.png"; bbox 0 0 2670 4688; ppageno 0'>
   <div class='ocr_carea' id='block_1_1' title="bbox 399 268 1217 333">
    <p class='ocr_par' dir='ltr' id='par_1_1' title="bbox 399 268 1217 333">
     <span class='ocr_line' id='line_1_1' title="bbox 399 268 1217 333; baseline -0.006 -1"><span class='ocrx_word' id='word_1_1' title='bbox 399 286 491 332; x_wconf 85' lang='lat' dir='ltr'>uruuu</span> <span class='ocrx_word' id='word_1_2' title='bbox 515 283 904 333; x_wconf 72' lang='lat' dir='ltr'>rideamus—mummi</span> <span class='ocrx_word' id='word_1_3' title='bbox 928 285 967 331; x_wconf 81' lang='lat' dir='ltr'>rr.</span> <span class='ocrx_word' id='word_1_4' title='bbox 1184 268 1217 328; x_wconf 70' lang='lat' dir='ltr'>‘et</span> 
     </span>
    </p>
   </div>
   <div class='ocr_carea' id='block_1_2' title="bbox 144 417 1323 4174">
    <p class='ocr_par' dir='ltr' id='par_1_2' title="bbox 144 417 1323 4174">
     <span class='ocr_line' id='line_1_2' title="bbox 146 417 1224 511; baseline -0.003 -20"><span class='ocrx_word' id='word_1_5' title='bbox 146 422 301 493; x_wconf 90' lang='lat' dir='ltr'>scholam</span> <span class='ocrx_word' id='word_1_6' title='bbox 323 420 418 490; x_wconf 92' lang='lat' dir='ltr'>illum</span> <span class='ocrx_word' id='word_1_7' title='bbox 439 420 523 489; x_wconf 90' lang='lat' dir='ltr'>lucri</span> <span class='ocrx_word' id='word_1_8' title='bbox 545 417 733 511; x_wconf 76' lang='lat' dir='ltr'>cupiditaS,</span> <span class='ocrx_word' id='word_1_9' title='bbox 761 419 853 489; x_wconf 93' lang='lat' dir='ltr'>huuc</span> <span class='ocrx_word' id='word_1_10' title='bbox 874 419 1015 489; x_wconf 81' lang='lat' dir='ltr'>iustitiae</span> <span class='ocrx_word' id='word_1_11' title='bbox 1036 440 1133 490; x_wconf 88' lang='lat' dir='ltr'>amor</span> <span class='ocrx_word' id='word_1_12' title='bbox 1159 419 1224 488; x_wconf 92' lang='lat' dir='ltr'>du-</span> 
     </span>
     <span class='ocr_line' id='line_1_3' title="bbox 145 539 1224 614; baseline -0.003 0"><span class='ocrx_word' id='word_1_13' title='bbox 145 543 200 614; x_wconf 87' lang='lat' dir='ltr'>cit.</span> <span class='ocrx_word' id='word_1_14' title='bbox 219 542 341 614; x_wconf 83' lang='lat' dir='ltr'>Aderit</span> <span class='ocrx_word' id='word_1_15' title='bbox 358 543 550 613; x_wconf 86' lang='lat' dir='ltr'>aestimator</span> <span class='ocrx_word' id='word_1_16' title='bbox 570 540 737 610; x_wconf 82' lang='lat' dir='ltr'><strong>mentium</strong></span> <span class='ocrx_word' id='word_1_17' title='bbox 759 553 794 611; x_wconf 91' lang='lat' dir='ltr'>et</span> <span class='ocrx_word' id='word_1_18' title='bbox 810 539 979 611; x_wconf 89' lang='lat' dir='ltr'>discretor</span> <span class='ocrx_word' id='word_1_19' title='bbox 998 541 1224 613; x_wconf 78' lang='lat' dir='ltr'>intentionum</span> 
     </span>
     <span class='ocr_line' id='line_1_4' title="bbox 144 660 1227 754; baseline -0.006 -16"><span class='ocrx_word' id='word_1_20' title='bbox 144 676 179 738; x_wconf 92' lang='lat' dir='ltr'>et</span> <span class='ocrx_word' id='word_1_21' title='bbox 198 664 402 738; x_wconf 77' lang='lat' dir='ltr'>distributor</span> <span class='ocrx_word' id='word_1_22' title='bbox 423 662 642 754; x_wconf 88' lang='lat' dir='ltr'>ingeniorum</span> <span class='ocrx_word' id='word_1_23' title='bbox 669 662 778 743; x_wconf 90' lang='lat' dir='ltr'>Deus,</span> <span class='ocrx_word' id='word_1_24' title='bbox 802 672 840 731; x_wconf 94' lang='lat' dir='ltr'>ut</span> <span class='ocrx_word' id='word_1_25' title='bbox 860 660 916 732; x_wconf 92' lang='lat' dir='ltr'>ille</span> <span class='ocrx_word' id='word_1_26' title='bbox 937 664 1172 732; x_wconf 81' lang='lat' dir='ltr'>mercenarius</span> <span class='ocrx_word' id='word_1_27' title='bbox 1192 675 1227 733; x_wconf 90' lang='lat' dir='ltr'>et</span> 
     </span>
     <span class='ocr_line' id='line_1_5' title="bbox 145 783 1225 878; baseline -0.007 -18"><span class='ocrx_word' id='word_1_28' title='bbox 145 790 438 860; x_wconf 79' lang='lat' dir='ltr'>circumforaneus</span> <span class='ocrx_word' id='word_1_29' title='bbox 465 783 667 876; x_wconf 76' lang='lat' dir='ltr'>strepitans,</span> <span class='ocrx_word' id='word_1_30' title='bbox 690 784 747 854; x_wconf 83' lang='lat' dir='ltr'>liic</span> <span class='ocrx_word' id='word_1_31' title='bbox 767 786 956 877; x_wconf 90' lang='lat' dir='ltr'>praeclarus</span> <span class='ocrx_word' id='word_1_32' title='bbox 978 783 1059 855; x_wconf 88' lang='lat' dir='ltr'>boui</span> <span class='ocrx_word' id='word_1_33' title='bbox 1079 798 1115 856; x_wconf 89' lang='lat' dir='ltr'>et</span> <span class='ocrx_word' id='word_1_34' title='bbox 1134 786 1225 878; x_wconf 88' lang='lat' dir='ltr'>aequi</span> 
     </span>
     <span class='ocr_line' id='line_1_6' title="bbox 146 907 1225 1003; baseline -0.006 -22"><span class='ocrx_word' id='word_1_35' title='bbox 146 915 324 1003; x_wconf 81' lang='lat' dir='ltr'>professor</span> <span class='ocrx_word' id='word_1_36' title='bbox 354 920 390 979; x_wconf 91' lang='lat' dir='ltr'>et</span> <span class='ocrx_word' id='word_1_37' title='bbox 422 908 562 978; x_wconf 84' lang='lat' dir='ltr'>iustitiae</span> <span class='ocrx_word' id='word_1_38' title='bbox 600 919 765 999; x_wconf 92' lang='lat' dir='ltr'>patronus</span> <span class='ocrx_word' id='word_1_39' title='bbox 803 907 940 977; x_wconf 85' lang='lat' dir='ltr'>euadat.</span> <span class='ocrx_word' id='word_1_40' title='bbox 978 907 1048 975; x_wconf 92' lang='lat' dir='ltr'>lam</span> <span class='ocrx_word' id='word_1_41' title='bbox 1087 929 1135 977; x_wconf 84' lang='lat' dir='ltr'>ex</span> <span class='ocrx_word' id='word_1_42' title='bbox 1171 908 1225 976; x_wconf 78' lang='lat' dir='ltr'>luis</span> 
     </span>
     <span class='ocr_line' id='line_1_7' title="bbox 146 1030 1225 1124; baseline -0.005 -19"><span class='ocrx_word' id='word_1_43' title='bbox 146 1034 307 1105; x_wconf 91' lang='lat' dir='ltr'>omnibus</span> <span class='ocrx_word' id='word_1_44' title='bbox 328 1054 398 1123; x_wconf 92' lang='lat' dir='ltr'>quo</span> <span class='ocrx_word' id='word_1_45' title='bbox 424 1053 566 1124; x_wconf 88' lang='lat' dir='ltr'>pergam</span> <span class='ocrx_word' id='word_1_46' title='bbox 594 1030 703 1100; x_wconf 91' lang='lat' dir='ltr'>vides.</span> <span class='ocrx_word' id='word_1_47' title='bbox 732 1030 765 1099; x_wconf 90' lang='lat' dir='ltr'>Si</span> <span class='ocrx_word' id='word_1_48' title='bbox 789 1051 825 1099; x_wconf 91' lang='lat' dir='ltr'>re</span> <span class='ocrx_word' id='word_1_49' title='bbox 853 1031 986 1119; x_wconf 85' lang='lat' dir='ltr'>integra</span> <span class='ocrx_word' id='word_1_50' title='bbox 1006 1031 1225 1112; x_wconf 80' lang='lat' dir='ltr'>consulereS,</span> 
     </span>
     <span class='ocr_line' id='line_1_8' title="bbox 149 1149 1226 1245; baseline -0.008 -18"><span class='ocrx_word' id='word_1_51' title='bbox 149 1169 254 1227; x_wconf 87' lang='lat' dir='ltr'>totam</span> <span class='ocrx_word' id='word_1_52' title='bbox 293 1155 377 1224; x_wconf 93' lang='lat' dir='ltr'>mihi</span> <span class='ocrx_word' id='word_1_53' title='bbox 410 1155 626 1245; x_wconf 82' lang='lat' dir='ltr'>relinqueres</span> <span class='ocrx_word' id='word_1_54' title='bbox 658 1152 792 1223; x_wconf 90' lang='lat' dir='ltr'>consilii</span> <span class='ocrx_word' id='word_1_55' title='bbox 825 1150 1040 1230; x_wconf 73' lang='lat' dir='ltr'>libertatem,</span> <span class='ocrx_word' id='word_1_56' title='bbox 1072 1149 1226 1220; x_wconf 87' lang='lat' dir='ltr'>iuberem</span> 
     </span>
     <span class='ocr_line' id='line_1_9' title="bbox 149 1273 1229 1368; baseline -0.005 -21"><span class='ocrx_word' id='word_1_57' title='bbox 149 1281 255 1348; x_wconf 90' lang='lat' dir='ltr'>multa</span> <span class='ocrx_word' id='word_1_58' title='bbox 290 1289 322 1348; x_wconf 91' lang='lat' dir='ltr'>te</span> <span class='ocrx_word' id='word_1_59' title='bbox 349 1276 629 1368; x_wconf 86' lang='lat' dir='ltr'>circumspicere,</span> <span class='ocrx_word' id='word_1_60' title='bbox 666 1276 841 1365; x_wconf 80' lang='lat' dir='ltr'>ingenium</span> <span class='ocrx_word' id='word_1_61' title='bbox 867 1297 907 1344; x_wconf 92' lang='lat' dir='ltr'>ac</span> <span class='ocrx_word' id='word_1_62' title='bbox 937 1273 1092 1343; x_wconf 88' lang='lat' dir='ltr'>studium</span> <span class='ocrx_word' id='word_1_63' title='bbox 1117 1273 1229 1365; x_wconf 80' lang='lat' dir='ltr'>aequis</span> 
     </span>
     <span class='ocr_line' id='line_1_10' title="bbox 149 1396 1228 1471; baseline -0.003 -2"><span class='ocrx_word' id='word_1_64' title='bbox 149 1399 307 1471; x_wconf 89' lang='lat' dir='ltr'>lancibus</span> <span class='ocrx_word' id='word_1_65' title='bbox 329 1399 465 1470; x_wconf 90' lang='lat' dir='ltr'>librare.</span> <span class='ocrx_word' id='word_1_66' title='bbox 494 1400 582 1468; x_wconf 91' lang='lat' dir='ltr'>Sunt</span> <span class='ocrx_word' id='word_1_67' title='bbox 606 1398 698 1468; x_wconf 92' lang='lat' dir='ltr'>enim</span> <span class='ocrx_word' id='word_1_68' title='bbox 722 1409 758 1467; x_wconf 93' lang='lat' dir='ltr'>ut</span> <span class='ocrx_word' id='word_1_69' title='bbox 784 1419 899 1467; x_wconf 91' lang='lat' dir='ltr'>rerum</span> <span class='ocrx_word' id='word_1_70' title='bbox 922 1396 971 1466; x_wconf 89' lang='lat' dir='ltr'>sic</span> <span class='ocrx_word' id='word_1_71' title='bbox 994 1397 1228 1466; x_wconf 77' lang='lat' dir='ltr'>intellectuum</span> 
     </span>
     <span class='ocr_line' id='line_1_11' title="bbox 149 1519 1230 1615; baseline -0.005 -22"><span class='ocrx_word' id='word_1_72' title='bbox 149 1524 302 1615; x_wconf 87' lang='lat' dir='ltr'>gradus:</span> <span class='ocrx_word' id='word_1_73' title='bbox 325 1523 390 1594; x_wconf 88' lang='lat' dir='ltr'>alia</span> <span class='ocrx_word' id='word_1_74' title='bbox 411 1524 487 1593; x_wconf 90' lang='lat' dir='ltr'>aliis</span> <span class='ocrx_word' id='word_1_75' title='bbox 508 1521 681 1592; x_wconf 89' lang='lat' dir='ltr'>debentur</span> <span class='ocrx_word' id='word_1_76' title='bbox 703 1521 873 1612; x_wconf 89' lang='lat' dir='ltr'>ingeniis:</span> <span class='ocrx_word' id='word_1_77' title='bbox 898 1529 1093 1611; x_wconf 86' lang='lat' dir='ltr'>respectum</span> <span class='ocrx_word' id='word_1_78' title='bbox 1115 1519 1230 1589; x_wconf 83' lang='lat' dir='ltr'>aetatis</span> 
     </span>
     <span class='ocr_line' id='line_1_12' title="bbox 149 1642 1230 1737; baseline -0.003 -23"><span class='ocrx_word' id='word_1_79' title='bbox 149 1647 366 1737; x_wconf 80' lang='lat' dir='ltr'>ingererem:</span> <span class='ocrx_word' id='word_1_80' title='bbox 404 1646 545 1716; x_wconf 92' lang='lat' dir='ltr'>omniuo</span> <span class='ocrx_word' id='word_1_81' title='bbox 569 1644 661 1714; x_wconf 90' lang='lat' dir='ltr'>enim</span> <span class='ocrx_word' id='word_1_82' title='bbox 694 1642 794 1713; x_wconf 91' lang='lat' dir='ltr'>cuius</span> <span class='ocrx_word' id='word_1_83' title='bbox 821 1654 1065 1734; x_wconf 86' lang='lat' dir='ltr'>temporaneus</span> <span class='ocrx_word' id='word_1_84' title='bbox 1097 1643 1230 1712; x_wconf 78' lang='lat' dir='ltr'>fructus</span> 
     </span>
     <span class='ocr_line' id='line_1_13' title="bbox 150 1764 1229 1860; baseline -0.004 -21"><span class='ocrx_word' id='word_1_85' title='bbox 150 1771 319 1859; x_wconf 80' lang='lat' dir='ltr'>exigitur,</span> <span class='ocrx_word' id='word_1_86' title='bbox 348 1778 520 1839; x_wconf 83' lang='lat' dir='ltr'>maturum</span> <span class='ocrx_word' id='word_1_87' title='bbox 548 1779 583 1837; x_wconf 91' lang='lat' dir='ltr'>et</span> <span class='ocrx_word' id='word_1_88' title='bbox 613 1787 756 1860; x_wconf 83' lang='lat' dir='ltr'>praecox</span> <span class='ocrx_word' id='word_1_89' title='bbox 782 1764 882 1836; x_wconf 88' lang='lat' dir='ltr'>decet</span> <span class='ocrx_word' id='word_1_90' title='bbox 907 1788 987 1836; x_wconf 88' lang='lat' dir='ltr'>esse</span> <span class='ocrx_word' id='word_1_91' title='bbox 1014 1766 1229 1860; x_wconf 86' lang='lat' dir='ltr'>principium.</span> 
     </span>
     <span class='ocr_line' id='line_1_14' title="bbox 150 1888 1230 1981; baseline -0.003 -21"><span class='ocrx_word' id='word_1_92' title='bbox 150 1892 225 1961; x_wconf 92' lang='lat' dir='ltr'>Non</span> <span class='ocrx_word' id='word_1_93' title='bbox 259 1888 443 1960; x_wconf 84' lang='lat' dir='ltr'>fructificat</span> <span class='ocrx_word' id='word_1_94' title='bbox 462 1902 629 1962; x_wconf 88' lang='lat' dir='ltr'>autumno</span> <span class='ocrx_word' id='word_1_95' title='bbox 651 1891 766 1974; x_wconf 91' lang='lat' dir='ltr'>arbor,</span> <span class='ocrx_word' id='word_1_96' title='bbox 794 1908 875 1981; x_wconf 86' lang='lat' dir='ltr'>quae</span> <span class='ocrx_word' id='word_1_97' title='bbox 903 1910 985 1959; x_wconf 88' lang='lat' dir='ltr'>vere</span> <span class='ocrx_word' id='word_1_98' title='bbox 1011 1911 1078 1959; x_wconf 91' lang='lat' dir='ltr'>non</span> <span class='ocrx_word' id='word_1_99' title='bbox 1106 1889 1230 1959; x_wconf 88' lang='lat' dir='ltr'>lloruit.</span> 
     </span>
     <span class='ocr_line' id='line_1_15' title="bbox 153 2011 1233 2105; baseline -0.001 -22"><span class='ocrx_word' id='word_1_100' title='bbox 153 2015 272 2105; x_wconf 90' lang='lat' dir='ltr'>ltaque</span> <span class='ocrx_word' id='word_1_101' title='bbox 292 2013 455 2104; x_wconf 88' lang='lat' dir='ltr'>quamvis</span> <span class='ocrx_word' id='word_1_102' title='bbox 476 2014 530 2083; x_wconf 89' lang='lat' dir='ltr'>alii</span> <span class='ocrx_word' id='word_1_103' title='bbox 554 2025 683 2084; x_wconf 69' lang='lat' dir='ltr'>tenerae</span> <span class='ocrx_word' id='word_1_104' title='bbox 704 2012 806 2083; x_wconf 78' lang='lat' dir='ltr'>ferias</span> <span class='ocrx_word' id='word_1_105' title='bbox 828 2011 911 2083; x_wconf 90' lang='lat' dir='ltr'>deut</span> <span class='ocrx_word' id='word_1_106' title='bbox 930 2011 1035 2094; x_wconf 86' lang='lat' dir='ltr'>aetati,</span> <span class='ocrx_word' id='word_1_107' title='bbox 1059 2023 1175 2081; x_wconf 90' lang='lat' dir='ltr'>tamen</span> <span class='ocrx_word' id='word_1_108' title='bbox 1197 2021 1233 2082; x_wconf 95' lang='lat' dir='ltr'>ut</span> 
     </span>
     <span class='ocr_line' id='line_1_16' title="bbox 150 2132 1232 2227; baseline -0.003 -21"><span class='ocrx_word' id='word_1_109' title='bbox 150 2135 396 2207; x_wconf 89' lang='lat' dir='ltr'>eruditissimis</span> <span class='ocrx_word' id='word_1_110' title='bbox 430 2135 514 2205; x_wconf 90' lang='lat' dir='ltr'>iuris</span> <span class='ocrx_word' id='word_1_111' title='bbox 542 2137 667 2227; x_wconf 88' lang='lat' dir='ltr'>placet,</span> <span class='ocrx_word' id='word_1_112' title='bbox 691 2157 817 2226; x_wconf 86' lang='lat' dir='ltr'>magno</span> <span class='ocrx_word' id='word_1_113' title='bbox 844 2135 1010 2227; x_wconf 79' lang='lat' dir='ltr'>profectui</span> <span class='ocrx_word' id='word_1_114' title='bbox 1036 2132 1232 2205; x_wconf 89' lang='lat' dir='ltr'>destinatus</span> 
     </span>
     <span class='ocr_line' id='line_1_17' title="bbox 152 2256 1323 2348; baseline -0.003 -21"><span class='ocrx_word' id='word_1_115' title='bbox 152 2259 289 2328; x_wconf 90' lang='lat' dir='ltr'>animus</span> <span class='ocrx_word' id='word_1_116' title='bbox 321 2280 389 2327; x_wconf 91' lang='lat' dir='ltr'>nou</span> <span class='ocrx_word' id='word_1_117' title='bbox 419 2268 550 2328; x_wconf 93' lang='lat' dir='ltr'>tantum</span> <span class='ocrx_word' id='word_1_118' title='bbox 576 2258 621 2327; x_wconf 90' lang='lat' dir='ltr'>ab</span> <span class='ocrx_word' id='word_1_119' title='bbox 647 2259 786 2328; x_wconf 88' lang='lat' dir='ltr'>iulantia</span> <span class='ocrx_word' id='word_1_120' title='bbox 821 2257 882 2327; x_wconf 87' lang='lat' dir='ltr'>sed</span> <span class='ocrx_word' id='word_1_121' title='bbox 908 2256 953 2326; x_wconf 93' lang='lat' dir='ltr'>ab</span> <span class='ocrx_word' id='word_1_122' title='bbox 979 2258 1054 2348; x_wconf 92' lang='lat' dir='ltr'>ipso</span> <span class='ocrx_word' id='word_1_123' title='bbox 1089 2257 1233 2327; x_wconf 88' lang='lat' dir='ltr'>nutricis</span> <span class='ocrx_word' id='word_1_124' title='bbox 1322 2332 1323 2335; x_wconf 8' lang='grc' dir='ltr'><strong>Ἴ</strong></span> 
     </span>
     <span class='ocr_line' id='line_1_18' title="bbox 154 2377 1234 2470; baseline -0.003 -22"><span class='ocrx_word' id='word_1_125' title='bbox 154 2382 243 2450; x_wconf 88' lang='lat' dir='ltr'>lacte</span> <span class='ocrx_word' id='word_1_126' title='bbox 259 2378 462 2448; x_wconf 79' lang='lat' dir='ltr'>formandus</span> <span class='ocrx_word' id='word_1_127' title='bbox 482 2390 546 2448; x_wconf 91' lang='lat' dir='ltr'>est.</span> <span class='ocrx_word' id='word_1_128' title='bbox 564 2379 790 2449; x_wconf 84' lang='lat' dir='ltr'>Difficultates</span> <span class='ocrx_word' id='word_1_129' title='bbox 808 2377 993 2449; x_wconf 89' lang='lat' dir='ltr'>obiicerem</span> <span class='ocrx_word' id='word_1_130' title='bbox 1012 2382 1140 2448; x_wconf 88' lang='lat' dir='ltr'>multas</span> <span class='ocrx_word' id='word_1_131' title='bbox 1157 2378 1234 2470; x_wconf 92' lang='lat' dir='ltr'>qui-</span> 
     </span>
     <span class='ocr_line' id='line_1_19' title="bbox 152 2497 1235 2586; baseline 0.002 -20"><span class='ocrx_word' id='word_1_132' title='bbox 152 2499 255 2566; x_wconf 88' lang='lat' dir='ltr'>dem:</span> <span class='ocrx_word' id='word_1_133' title='bbox 279 2505 360 2565; x_wconf 91' lang='lat' dir='ltr'>ante</span> <span class='ocrx_word' id='word_1_134' title='bbox 385 2497 470 2566; x_wconf 88' lang='lat' dir='ltr'>alias</span> <span class='ocrx_word' id='word_1_135' title='bbox 495 2498 646 2585; x_wconf 87' lang='lat' dir='ltr'>coniugii</span> <span class='ocrx_word' id='word_1_136' title='bbox 667 2497 785 2586; x_wconf 90' lang='lat' dir='ltr'>iugum</span> <span class='ocrx_word' id='word_1_137' title='bbox 813 2500 900 2568; x_wconf 90' lang='lat' dir='ltr'>collo</span> <span class='ocrx_word' id='word_1_138' title='bbox 925 2500 1019 2569; x_wconf 89' lang='lat' dir='ltr'>haud</span> <span class='ocrx_word' id='word_1_139' title='bbox 1046 2521 1129 2569; x_wconf 90' lang='lat' dir='ltr'>sane</span> <span class='ocrx_word' id='word_1_140' title='bbox 1156 2500 1235 2569; x_wconf 85' lang='lat' dir='ltr'>lter-</span> 
     </span>
     <span class='ocr_line' id='line_1_20' title="bbox 155 2607 1235 2708; baseline 0.003 -21"><span class='ocrx_word' id='word_1_141' title='bbox 155 2617 256 2687; x_wconf 89' lang='lat' dir='ltr'>culeo</span> <span class='ocrx_word' id='word_1_142' title='bbox 276 2615 491 2708; x_wconf 91' lang='lat' dir='ltr'>impositum,</span> <span class='ocrx_word' id='word_1_143' title='bbox 514 2625 549 2685; x_wconf 92' lang='lat' dir='ltr'>et</span> <span class='ocrx_word' id='word_1_144' title='bbox 569 2616 624 2686; x_wconf 90' lang='lat' dir='ltr'>cui</span> <span class='ocrx_word' id='word_1_145' title='bbox 645 2637 712 2684; x_wconf 91' lang='lat' dir='ltr'>nou</span> <span class='ocrx_word' id='word_1_146' title='bbox 738 2619 831 2687; x_wconf 87' lang='lat' dir='ltr'>lascc</span> <span class='ocrx_word' id='word_1_147' title='bbox 845 2607 938 2700; x_wconf 85' lang='lat' dir='ltr'>alio,</span> <span class='ocrx_word' id='word_1_148' title='bbox 967 2619 1028 2689; x_wconf 91' lang='lat' dir='ltr'>sed</span> <span class='ocrx_word' id='word_1_149' title='bbox 1062 2620 1235 2691; x_wconf 86' lang='lat' dir='ltr'>levatione</span> 
     </span>
     <span class='ocr_line' id='line_1_21' title="bbox 154 2738 1236 2833; baseline 0.005 -26"><span class='ocrx_word' id='word_1_150' title='bbox 154 2738 269 2832; x_wconf 88' lang='lat' dir='ltr'>potius</span> <span class='ocrx_word' id='word_1_151' title='bbox 300 2759 388 2833; x_wconf 90' lang='lat' dir='ltr'>opus</span> <span class='ocrx_word' id='word_1_152' title='bbox 416 2738 471 2808; x_wconf 91' lang='lat' dir='ltr'>sit.</span> <span class='ocrx_word' id='word_1_153' title='bbox 498 2738 635 2828; x_wconf 84' lang='lat' dir='ltr'>lllagnae</span> <span class='ocrx_word' id='word_1_154' title='bbox 661 2739 816 2828; x_wconf 89' lang='lat' dir='ltr'>corporis</span> <span class='ocrx_word' id='word_1_155' title='bbox 842 2761 980 2830; x_wconf 72' lang='lat' dir='ltr'>maguae</span> <span class='ocrx_word' id='word_1_156' title='bbox 1005 2740 1111 2811; x_wconf 88' lang='lat' dir='ltr'>animi</span> <span class='ocrx_word' id='word_1_157' title='bbox 1141 2742 1236 2812; x_wconf 86' lang='lat' dir='ltr'>vires</span> 
     </span>
     <span class='ocr_line' id='line_1_22' title="bbox 155 2859 1236 2959; baseline 0.006 -27"><span class='ocrx_word' id='word_1_158' title='bbox 155 2872 250 2945; x_wconf 89' lang='lat' dir='ltr'>sunt,</span> <span class='ocrx_word' id='word_1_159' title='bbox 273 2885 354 2955; x_wconf 83' lang='lat' dir='ltr'>quae</span> <span class='ocrx_word' id='word_1_160' title='bbox 372 2863 473 2932; x_wconf 89' lang='lat' dir='ltr'>simul</span> <span class='ocrx_word' id='word_1_161' title='bbox 492 2859 667 2932; x_wconf 90' lang='lat' dir='ltr'>etlitteris</span> <span class='ocrx_word' id='word_1_162' title='bbox 690 2861 862 2933; x_wconf 87' lang='lat' dir='ltr'>sufficiant</span> <span class='ocrx_word' id='word_1_163' title='bbox 877 2875 912 2933; x_wconf 90' lang='lat' dir='ltr'>et</span> <span class='ocrx_word' id='word_1_164' title='bbox 930 2865 1041 2937; x_wconf 80' lang='lat' dir='ltr'>uxori.</span> <span class='ocrx_word' id='word_1_165' title='bbox 1065 2866 1236 2959; x_wconf 84' lang='lat' dir='ltr'>lmpeusae</span> 
     </span>
     <span class='ocr_line' id='line_1_23' title="bbox 156 2984 1235 3062; baseline 0.006 -8"><span class='ocrx_word' id='word_1_166' title='bbox 156 2985 320 3057; x_wconf 89' lang='lat' dir='ltr'>rationem</span> <span class='ocrx_word' id='word_1_167' title='bbox 339 2984 537 3056; x_wconf 89' lang='lat' dir='ltr'>habendam</span> <span class='ocrx_word' id='word_1_168' title='bbox 551 2985 702 3056; x_wconf 90' lang='lat' dir='ltr'>dicerem</span> <span class='ocrx_word' id='word_1_169' title='bbox 722 2995 758 3056; x_wconf 90' lang='lat' dir='ltr'>et</span> <span class='ocrx_word' id='word_1_170' title='bbox 775 2985 950 3058; x_wconf 92' lang='lat' dir='ltr'>laborum:</span> <span class='ocrx_word' id='word_1_171' title='bbox 969 3011 1016 3060; x_wconf 82' lang='lat' dir='ltr'>ex</span> <span class='ocrx_word' id='word_1_172' title='bbox 1031 2992 1124 3062; x_wconf 91' lang='lat' dir='ltr'>nulla</span> <span class='ocrx_word' id='word_1_173' title='bbox 1143 2992 1235 3061; x_wconf 88' lang='lat' dir='ltr'>enim</span> 
     </span>
     <span class='ocr_line' id='line_1_24' title="bbox 155 3109 1238 3205; baseline 0.004 -27"><span class='ocrx_word' id='word_1_174' title='bbox 155 3110 226 3179; x_wconf 87' lang='lat' dir='ltr'>lere</span> <span class='ocrx_word' id='word_1_175' title='bbox 248 3109 373 3179; x_wconf 86' lang='lat' dir='ltr'>artium</span> <span class='ocrx_word' id='word_1_176' title='bbox 396 3120 455 3179; x_wconf 95' lang='lat' dir='ltr'>aut</span> <span class='ocrx_word' id='word_1_177' title='bbox 472 3109 712 3182; x_wconf 88' lang='lat' dir='ltr'>oblectationis</span> <span class='ocrx_word' id='word_1_178' title='bbox 729 3111 845 3182; x_wconf 89' lang='lat' dir='ltr'>miuus</span> <span class='ocrx_word' id='word_1_179' title='bbox 864 3122 924 3183; x_wconf 91' lang='lat' dir='ltr'>aut</span> <span class='ocrx_word' id='word_1_180' title='bbox 941 3116 1020 3205; x_wconf 88' lang='lat' dir='ltr'>plus</span> <span class='ocrx_word' id='word_1_181' title='bbox 1041 3113 1137 3184; x_wconf 82' lang='lat' dir='ltr'>taedii</span> <span class='ocrx_word' id='word_1_182' title='bbox 1159 3135 1238 3205; x_wconf 94' lang='lat' dir='ltr'>pro-</span> 
     </span>
     <span class='ocr_line' id='line_1_25' title="bbox 156 3231 1237 3325; baseline 0.006 -26"><span class='ocrx_word' id='word_1_183' title='bbox 156 3231 286 3301; x_wconf 89' lang='lat' dir='ltr'>venire.</span> <span class='ocrx_word' id='word_1_184' title='bbox 319 3231 500 3302; x_wconf 89' lang='lat' dir='ltr'>Postremo</span> <span class='ocrx_word' id='word_1_185' title='bbox 533 3255 602 3303; x_wconf 90' lang='lat' dir='ltr'>nou</span> <span class='ocrx_word' id='word_1_186' title='bbox 635 3234 878 3325; x_wconf 86' lang='lat' dir='ltr'>negligendam</span> <span class='ocrx_word' id='word_1_187' title='bbox 906 3257 1101 3307; x_wconf 89' lang='lat' dir='ltr'>assererem</span> <span class='ocrx_word' id='word_1_188' title='bbox 1136 3238 1237 3306; x_wconf 73' lang='lat' dir='ltr'>laruae</span> 
     </span>
     <span class='ocr_line' id='line_1_26' title="bbox 155 3354 1237 3449; baseline 0.006 -27"><span class='ocrx_word' id='word_1_189' title='bbox 155 3374 292 3434; x_wconf 89' lang='lat' dir='ltr'>curam,</span> <span class='ocrx_word' id='word_1_190' title='bbox 315 3373 394 3443; x_wconf 90' lang='lat' dir='ltr'>quae</span> <span class='ocrx_word' id='word_1_191' title='bbox 416 3355 449 3422; x_wconf 93' lang='lat' dir='ltr'>iu</span> <span class='ocrx_word' id='word_1_192' title='bbox 473 3354 536 3424; x_wconf 89' lang='lat' dir='ltr'>hoc</span> <span class='ocrx_word' id='word_1_193' title='bbox 558 3367 650 3426; x_wconf 87' lang='lat' dir='ltr'>statu</span> <span class='ocrx_word' id='word_1_194' title='bbox 672 3360 788 3447; x_wconf 90' lang='lat' dir='ltr'>legum</span> <span class='ocrx_word' id='word_1_195' title='bbox 812 3379 937 3446; x_wconf 85' lang='lat' dir='ltr'>magna</span> <span class='ocrx_word' id='word_1_196' title='bbox 959 3360 1067 3449; x_wconf 91' lang='lat' dir='ltr'>possit</span> <span class='ocrx_word' id='word_1_197' title='bbox 1089 3359 1237 3428; x_wconf 80' lang='lat' dir='ltr'>sortasse</span> 
     </span>
     <span class='ocr_line' id='line_1_27' title="bbox 156 3475 1237 3564; baseline 0.005 -18"><span class='ocrx_word' id='word_1_198' title='bbox 156 3475 1237 3564; x_wconf 79' lang='lat' dir='ltr'>contingere,uondiuturnalluumeraremcausidicosnostro-</span> 
     </span>
     <span class='ocr_line' id='line_1_28' title="bbox 157 3602 1239 3696; baseline 0.006 -28"><span class='ocrx_word' id='word_1_199' title='bbox 157 3621 234 3670; x_wconf 88' lang='lat' dir='ltr'>rum</span> <span class='ocrx_word' id='word_1_200' title='bbox 258 3609 464 3690; x_wconf 86' lang='lat' dir='ltr'>temporum,</span> <span class='ocrx_word' id='word_1_201' title='bbox 479 3621 626 3690; x_wconf 91' lang='lat' dir='ltr'>quorum</span> <span class='ocrx_word' id='word_1_202' title='bbox 642 3603 838 3674; x_wconf 88' lang='lat' dir='ltr'>nominibus</span> <span class='ocrx_word' id='word_1_203' title='bbox 861 3602 943 3672; x_wconf 87' lang='lat' dir='ltr'>nihil</span> <span class='ocrx_word' id='word_1_204' title='bbox 962 3605 1063 3696; x_wconf 90' lang='lat' dir='ltr'>paulo</span> <span class='ocrx_word' id='word_1_205' title='bbox 1083 3615 1164 3673; x_wconf 89' lang='lat' dir='ltr'>ante</span> <span class='ocrx_word' id='word_1_206' title='bbox 1183 3623 1239 3677; x_wconf 91' lang='lat' dir='ltr'>so-</span> 
     </span>
     <span class='ocr_line' id='line_1_29' title="bbox 157 3718 1238 3814; baseline 0.006 -25"><span class='ocrx_word' id='word_1_207' title='bbox 157 3721 311 3802; x_wconf 77' lang='lat' dir='ltr'>nantiuS,</span> <span class='ocrx_word' id='word_1_208' title='bbox 334 3719 417 3788; x_wconf 85' lang='lat' dir='ltr'>nihil</span> <span class='ocrx_word' id='word_1_209' title='bbox 440 3718 543 3789; x_wconf 89' lang='lat' dir='ltr'>hodie</span> <span class='ocrx_word' id='word_1_210' title='bbox 566 3724 715 3805; x_wconf 90' lang='lat' dir='ltr'>raucius,</span> <span class='ocrx_word' id='word_1_211' title='bbox 740 3723 824 3793; x_wconf 84' lang='lat' dir='ltr'>nihil</span> <span class='ocrx_word' id='word_1_212' title='bbox 846 3723 1007 3814; x_wconf 86' lang='lat' dir='ltr'>ignotius.</span> <span class='ocrx_word' id='word_1_213' title='bbox 1029 3724 1127 3794; x_wconf 90' lang='lat' dir='ltr'>Nunc</span> <span class='ocrx_word' id='word_1_214' title='bbox 1154 3747 1238 3796; x_wconf 92' lang='lat' dir='ltr'>vero</span> 
     </span>
     <span class='ocr_line' id='line_1_30' title="bbox 157 3840 1237 3939; baseline 0.003 -26"><span class='ocrx_word' id='word_1_215' title='bbox 157 3845 327 3937; x_wconf 88' lang='lat' dir='ltr'>quianon</span> <span class='ocrx_word' id='word_1_216' title='bbox 354 3840 501 3933; x_wconf 66' lang='lat' dir='ltr'>agendae</span> <span class='ocrx_word' id='word_1_217' title='bbox 520 3843 700 3913; x_wconf 89' lang='lat' dir='ltr'>consilium</span> <span class='ocrx_word' id='word_1_218' title='bbox 730 3847 791 3916; x_wconf 84' lang='lat' dir='ltr'>sed</span> <span class='ocrx_word' id='word_1_219' title='bbox 818 3846 1025 3938; x_wconf 87' lang='lat' dir='ltr'>peragendae</span> <span class='ocrx_word' id='word_1_220' title='bbox 1045 3847 1095 3916; x_wconf 89' lang='lat' dir='ltr'>rei</span> <span class='ocrx_word' id='word_1_221' title='bbox 1120 3848 1237 3939; x_wconf 90' lang='lat' dir='ltr'>poscis</span> 
     </span>
     <span class='ocr_line' id='line_1_31' title="bbox 159 3966 1235 4063; baseline 0.004 -29"><span class='ocrx_word' id='word_1_222' title='bbox 159 3966 338 4048; x_wconf 87' lang='lat' dir='ltr'>auxilium,</span> <span class='ocrx_word' id='word_1_223' title='bbox 353 3978 389 4036; x_wconf 91' lang='lat' dir='ltr'>et</span> <span class='ocrx_word' id='word_1_224' title='bbox 404 3986 509 4057; x_wconf 84' lang='lat' dir='ltr'>quam</span> <span class='ocrx_word' id='word_1_225' title='bbox 529 3967 636 4035; x_wconf 88' lang='lat' dir='ltr'>solarn</span> <span class='ocrx_word' id='word_1_226' title='bbox 654 3987 759 4057; x_wconf 86' lang='lat' dir='ltr'>posse</span> <span class='ocrx_word' id='word_1_227' title='bbox 777 3968 899 4038; x_wconf 87' lang='lat' dir='ltr'>videor</span> <span class='ocrx_word' id='word_1_228' title='bbox 912 3966 1098 4039; x_wconf 87' lang='lat' dir='ltr'>verborum</span> <span class='ocrx_word' id='word_1_229' title='bbox 1117 3990 1235 4063; x_wconf 89' lang='lat' dir='ltr'>opem:</span> 
     </span>
     <span class='ocr_line' id='line_1_32' title="bbox 159 4083 1238 4174; baseline 0.008 -23"><span class='ocrx_word' id='word_1_230' title='bbox 159 4083 277 4157; x_wconf 89' lang='lat' dir='ltr'>hortor</span> <span class='ocrx_word' id='word_1_231' title='bbox 299 4111 339 4157; x_wconf 89' lang='lat' dir='ltr'>ac</span> <span class='ocrx_word' id='word_1_232' title='bbox 361 4111 494 4170; x_wconf 78' lang='lat' dir='ltr'>moneo</span> <span class='ocrx_word' id='word_1_233' title='bbox 519 4097 556 4157; x_wconf 95' lang='lat' dir='ltr'>ut</span> <span class='ocrx_word' id='word_1_234' title='bbox 578 4088 656 4158; x_wconf 88' lang='lat' dir='ltr'>lruic</span> <span class='ocrx_word' id='word_1_235' title='bbox 678 4089 800 4158; x_wconf 87' lang='lat' dir='ltr'>saltem</span> <span class='ocrx_word' id='word_1_236' title='bbox 823 4090 952 4174; x_wconf 87' lang='lat' dir='ltr'>studio,</span> <span class='ocrx_word' id='word_1_237' title='bbox 976 4091 1029 4162; x_wconf 91' lang='lat' dir='ltr'>cui</span> <span class='ocrx_word' id='word_1_238' title='bbox 1054 4094 1162 4162; x_wconf 83' lang='lat' dir='ltr'>level</span> <span class='ocrx_word' id='word_1_239' title='bbox 1186 4094 1238 4161; x_wconf 93' lang='lat' dir='ltr'>iu-</span> 
     </span>
    </p>
   </div>
   <div class='ocr_carea' id='block_1_3' title="bbox 0 0 1356 4688">
    <p class='ocr_par' dir='ltr' id='par_1_3' title="bbox 0 0 1356 4688">
     <span class='ocr_line' id='line_1_33' title="bbox 0 0 1356 4688; baseline 0 0"><span class='ocrx_word' id='word_1_240' title='bbox 0 0 1356 4688; x_wconf 95' lang='lat' dir='ltr'> </span> 
     </span>
    </p>
   </div>
  </div>
 </body>
</html>
