2834 5086
177 630 230 689 tto
627 646 789 695 tantam

244 786 374 859 Laelius
393 788 548 881 antiquis
568 786 780 860 celebratum
801 808 927 861 nomen
945 789 1070 865 amitis

316 911 425 982 Durat
443 908 561 983 adbuc
580 912 733 983 faustum
753 934 879 984 nomen
898 912 1073 985 amicitiis.

242 1034 304 1106 llic
326 1056 454 1126 magno
474 1034 623 1105 dilectus
642 1054 731 1105 aro:
754 1037 865 1128 placet
884 1036 941 1107 ille
960 1036 1097 1130 nepoti,

317 1155 517 1251 Scipiadum
538 1177 650 1248 mnus
669 1168 929 1252 perpetuusque
947 1157 1067 1231 decor.

240 1279 378 1351 Tertius
398 1281 485 1350 alter
504 1300 571 1370 ego
591 1291 669 1351 est:
690 1279 753 1349 sed
774 1280 944 1351 mentior:
964 1301 1058 1351 nnns
1079 1294 1121 1355 et
1141 1282 1268 1375 idem,

314 1401 572 1495 Dimidinmque
592 1403 697 1473 animi
718 1402 772 1472 vir
793 1416 886 1474 tenet
906 1403 963 1473 ille
982 1404 1063 1475 mei.

239 1524 423 1596 Dimidium
444 1525 534 1609 dixi,
558 1535 668 1595 totum
688 1524 824 1597 dixisse
843 1524 1001 1598 decebat.

319 1647 464 1719 Fateris
484 1669 570 1741 ergo
590 1648 687 1729 mibi,
712 1650 742 1719 si
762 1648 840 1731 sibi,
861 1670 956 1733 care,
978 1652 1091 1721 laves.

591 2025 769 2090 EPlSl'Obll
788 2026 821 2090 L.

269 2198 464 2249 flntn'ctscn's
486 2199 652 2249 assaliret
674 2200 807 2250 tnfltb'xt
829 2200 989 2250 nannetis!
1009 2202 1037 2250 S.
1059 2202 1088 2249 P.
1112 2202 1146 2252 Ι).

166 2334 302 2389 l'irtutcm
317 2333 462 2405 allegorice
476 2332 616 2402 describit,
632 2350 750 2406 eamque
768 2336 925 2391 sectandam
939 2334 1028 2390 amico
1041 2350 1094 2389 suo
1102 2338 1260 2409 proponit.

264 2513 402 2597 Quaeris
423 2533 469 2581 cx
489 2533 561 2595 me,
583 2534 646 2583 seu
674 2534 735 2605 per
756 2523 789 2586 te
810 2517 936 2608 quaerit
959 2514 1094 2586 amicus
1115 2518 1258 2607 maior,

167 2634 236 2705 imo
255 2632 407 2727 quidem,
431 2645 468 2704 ut
487 2634 631 2727 intelligi
651 2635 764 2722 datur,
786 2637 888 2710 ambo
901 2638 1059 2732 quaeritis
1079 2638 1172 2730 quid
1196 2662 1260 2715 re-

166 2754 270 2827 medii
290 2756 401 2826 norim
423 2756 595 2829 adversus
612 2758 740 2830 Nemaei
760 2758 891 2831 rabiem
909 2759 1036 2831 Leonis
1059 2768 1133 2832 toto
1149 2784 1258 2837 nunc

166 2880 298 2973 impetu
323 2878 442 2952 Plroebi
468 2881 582 2953 crines
607 2904 649 2953 an
674 2884 794 2954 faciem
820 2881 1051 2955 accendentis.
1073 2880 1130 2953 An
1151 2886 1259 2959 invi-

166 3004 258 3073 detis
280 3002 422 3076 forsitan
444 3005 573 3087 arnico,
600 3025 703 3096 quem
729 3026 791 3074 aer
816 3002 1040 3075 hauddubie
1065 3001 1252 3095 blandior,

164 3135 200 3197 et
231 3125 344 3221 Alpini
371 3127 473 3197 ssatus
500 3126 660 3218 iugisque
685 3126 816 3197 nivium
843 3136 1048 3220 prospectos
1071 3125 1103 3194 in
1126 3126 1256 3203 medio

166 3250 248 3320 solis
275 3251 411 3319 lervoro
436 3248 657 3339 refrigerant,
683 3248 847 3341 qnodque
879 3271 948 3321 non
980 3270 1072 3319 nunc
1104 3251 1256 3325 noviter

165 3368 330 3454 dixerim,
353 3392 431 3441 cum
454 3370 626 3462 reliquum
650 3392 776 3463 corpus
801 3380 958 3443 aestatem
982 3369 1123 3453 sentiat,
1153 3394 1254 3466 praa-

165 3502 259 3564 stant
292 3502 329 3562 ut
362 3501 529 3587 perpetua
561 3494 684 3562 saltem
718 3492 752 3562 in
785 3495 895 3566 oculis
930 3494 1042 3564 hiems
1075 3492 1144 3563 sit?
1170 3494 1254 3571 Vos

166 3638 250 3688 vcro
271 3615 450 3687 cedrileris
470 3636 537 3685 non
558 3616 692 3688 nivosis
717 3617 862 3689 collibus
888 3616 1010 3701 abditi,
1038 3627 1073 3688 et
1097 3615 1144 3688 ad
1170 3616 1254 3694 An-

166 3748 275 3810 strum
299 3738 436 3831 penitus
458 3741 564 3821 versi,
592 3738 741 3832 tepentis
774 3739 908 3812 brumae
939 3739 1079 3812 delicias
1103 3743 1253 3819 aestivis

165 3861 350 3935 ardoribus
388 3864 634 3954 compensatis
669 3862 715 3934 At
750 3863 778 3937 si
814 3863 953 3956 ingenia
986 3872 1104 3935 vestra
1141 3866 1249 3953 novi,

166 3987 259 4060 oliud
285 3987 342 4059 hic
368 3986 484 4059 nescio
514 3985 608 4079 quod
641 3987 782 4059 remedii
811 4010 923 4081 genus
951 3987 1107 4082 poscitis,
1133 4010 1249 4082 quam

166 4134 235 4205 quo
257 4114 384 4203 vulgus
407 4121 529 4183 contra
554 4110 642 4183 banc
668 4111 747 4182 anni
775 4124 907 4207 partem
941 4113 990 4184 uti
1016 4113 1113 4183 solet.
1139 4112 1250 4187 doci-

168 4235 235 4324 pito
262 4234 416 4305 breviter
444 4234 616 4329 quidquid
642 4234 766 4307 idest.
792 4234 906 4308 Arbor
924 4246 979 4308 est
999 4256 1076 4307 rara
1095 4236 1247 4328 quidem

167 4363 203 4423 ot
224 4356 342 4447 paucis
363 4371 461 4447 noto,
484 4359 608 4432 sedeo
630 4361 754 4433 clarior
779 4360 994 4453 nobiliorque
1018 4380 1089 4453 quo
1109 4358 1245 4435 rarior:

168 4474 271 4547 artior
290 4481 431 4571 quidem
456 4508 596 4577 procera
616 4498 652 4557 et
673 4496 766 4559 recta
791 4488 936 4558 multum
964 4488 1060 4557 lauro
1083 4480 1247 4577 qualibet
