2670 4688
383 293 475 341 uranu
498 291 888 341 vicesimus-numam
912 293 961 340 vn.
1168 276 1205 337 Ἡ

128 427 285 499 reiecisti.
317 425 429 497 Credo
461 426 612 518 aedepoi,
640 447 721 495 nani
753 438 788 497 et
819 448 885 517 ego
918 445 1078 520 persaepc
1115 423 1207 496 idem

127 551 255 642 patior:
282 560 320 621 ut
354 570 433 619 cum
466 548 574 618 muita
607 547 760 619 scribere
782 549 935 640 cupiam,
958 569 1069 639 pauca
1102 548 1206 618 siuar.

127 672 276 743 Proinde
309 672 395 763 quid
426 670 580 762 quaeris?
605 669 660 739 An
686 668 731 739 ad
757 692 811 740 mc
838 670 961 741 litterae
988 670 1210 762 pervenerint

128 809 197 868 tuae
224 797 393 889 proximis
420 796 465 866 ad
493 806 527 864 te
553 794 678 864 litteris
710 795 798 864 meis
834 791 1032 864 absolutum
1058 793 1207 883 legeris,

128 931 164 987 et
188 918 270 988 viva
295 917 386 987 illius
421 916 531 986 nostri
563 936 651 987 voce
683 915 906 1006 cognoveris,
942 935 1045 1006 quem
1074 914 1209 983 salvere

128 1041 247 1124 iubeo,
271 1041 440 1132 cuiusque
462 1060 553 1110 nunc
574 1040 710 1130 longam
733 1037 778 1108 ad
800 1035 928 1108 laboris
954 1033 1135 1104 historiam
1162 1033 1209 1102 nit

129 1162 222 1234 aliud
239 1163 333 1246 dico,
353 1163 420 1233 nisi
440 1161 536 1255 quod
556 1162 702 1255 poenitet
717 1172 752 1232 et
769 1158 875 1252 pudet
891 1168 927 1229 ct
944 1159 1210 1247 miserettaiem

128 1284 246 1354 virum
280 1306 299 1355 a
326 1304 381 1353 me
407 1295 442 1354 et
467 1284 568 1366 meis,
596 1284 667 1353 imo
694 1285 768 1354 suis
793 1281 936 1366 laribus,
964 1292 1034 1353 tam
1059 1282 1211 1354 adverso

130 1417 284 1498 temporo
320 1404 507 1476 dimisisse.
543 1405 611 1476 Sed
651 1403 797 1495 urgebat
830 1408 992 1475 voluntas
1029 1404 1121 1487 cius,
1155 1403 1210 1473 cui

129 1549 275 1619 prorsus
309 1525 416 1597 obniti
447 1531 543 1598 nefas
574 1526 718 1609 credidi,
745 1538 781 1597 et
805 1528 960 1598 minaces
985 1547 1104 1607 auras,
1132 1547 1209 1615 gra-

129 1649 249 1720 vidum
282 1652 424 1731 coelum,
460 1647 598 1720 turbida
628 1646 757 1731 nubila,
792 1647 980 1740 herbisque
1005 1659 1040 1718 et
1065 1644 1210 1716 floribus

130 1772 285 1862 gaudere
307 1772 397 1841 soliti
419 1774 532 1842 vellus
551 1770 670 1842 arietis
689 1769 859 1842 imbribus
878 1771 1021 1841 uvidum
1040 1770 1208 1850 viderem,

130 1903 165 1963 ot
186 1893 340 1964 vicissim
362 1905 591 1965 monstrarem
615 1892 691 1963 sibi.
714 1892 805 1976 Quid
826 1891 902 1962 vis‘?
923 1892 999 1962 Non
1021 1902 1081 1961 aut
1101 1892 1211 1984 Lyco-

131 2016 250 2087 medes
267 2016 542 2109 Neoptolemum,
557 2026 618 2085 aut
635 2015 670 2084 iu
688 2014 812 2085 subulis
830 2015 1044 2085 Phaetontam
1059 2011 1211 2082 Phoebus

130 2140 288 2210 moestior
301 2138 441 2209 dimisit.
458 2138 527 2210 Sed
541 2137 625 2230 quid
641 2159 780 2228 agerem
795 2159 874 2208 cum
887 2137 1009 2219 amico,
1025 2158 1133 2228 quum
1148 2156 1211 2206 nec

130 2261 254 2333 horum
279 2263 365 2331 atter
397 2282 476 2330 cum
509 2269 635 2352 nepote
656 2257 801 2351 ahquid,
830 2281 894 2331 ncc
919 2262 1007 2330 alter
1036 2282 1115 2330 cum
1141 2256 1211 2327 tilio

130 2382 312 2474 potuisset.
347 2381 445 2448 Cassi
480 2381 598 2469 igitur,
633 2390 668 2449 et
692 2379 837 2448 dimissa
870 2381 973 2450 animi
1003 2380 1070 2450 mei
1096 2392 1209 2471 parte,

131 2499 259 2568 anxius
282 2497 438 2579 substiti,
461 2498 571 2568 donec
591 2500 713 2568 litteris
735 2500 809 2569 suis
828 2501 924 2568 iilum
951 2520 1019 2568 non
1045 2499 1211 2587 exiguam

133 2619 293 2711 ancipitis
317 2616 385 2687 viae
410 2628 542 2707 partem
568 2639 763 2701 emensum,
782 2618 984 2709 Padumque
1009 2631 1044 2688 et
1068 2619 1212 2689 comites

133 2763 238 2834 supra
265 2741 403 2811 solitum
430 2738 563 2810 tumido
589 2749 671 2812 tunc
695 2762 756 2811 orc
781 2742 956 2812 ferventes
975 2739 1136 2811 evasisse
1160 2738 1212 2810 di-

131 2861 213 2932 dici:
227 2883 296 2932 nou
309 2872 390 2932 ante
408 2871 525 2933 tamen
541 2864 656 2934 animo
673 2863 870 2955 quieturus,
888 2882 994 2953 quam
1010 2883 1119 2954 quum
1137 2862 1211 2934 suis

130 2996 190 3055 aut
212 2985 279 3055 tuis
302 2985 426 3056 litteris
447 2985 481 3055 in
504 2986 648 3077 patriam
670 2984 877 3078 pervenisse
898 2982 1063 3057 didicero.
1085 2985 1212 3055 Trans·

131 3107 240 3178 misso
265 3109 356 3178 enim
384 3130 468 3199 rege
492 3108 690 3190 fluminum,
720 3118 881 3204 superest
914 3117 1010 3200 pater
1043 3107 1211 3179 montium

131 3228 352 3319 Apenninus,
373 3231 474 3300 cuius
496 3229 562 3299 sibi
588 3232 669 3322 iuga
696 3229 929 3301 substraverit
949 3250 1011 3299 oro
1036 3231 1135 3299 illum
1151 3227 1212 3319 qui

133 3351 229 3421 solus
254 3351 388 3442 respicit
408 3362 532 3421 terram
551 3363 582 3421 ct
604 3354 777 3441 faciteam
799 3361 950 3433 tremere,
980 3339 1086 3439 tonpit
1117 3370 1212 3418 mon·

133 3484 178 3541 tes
203 3483 233 3540 et
256 3472 433 3560 fumigant.
460 3473 581 3545 Restat
611 3485 647 3544 ut
675 3476 783 3543 fatear
814 3484 847 3543 te
879 3493 942 3563 pro
972 3472 1028 3542 his
1060 3471 1212 3541 novissi·

132 3595 199 3665 mis
231 3592 356 3665 diebus
383 3593 458 3664 iure
484 3594 659 3666 silentium
687 3618 803 3666 meum
829 3596 940 3686 queri,
980 3594 1141 3686 quamvis
1168 3592 1211 3665 ad

134 3719 222 3789 hunc
235 3719 347 3812 ipsam
364 3716 615 3810 querimoniam
636 3719 730 3799 satis,
751 3729 789 3788 ut
808 3717 968 3800 arbitror,
987 3716 1133 3807 epistola
1153 3737 1212 3786 su·

133 3841 267 3932 periore
294 3861 501 3933 responsum
524 3839 577 3910 sit.
600 3838 700 3922 Quod
722 3841 750 3910 si
773 3851 880 3912 totum
902 3839 1060 3910 amicitiae
1080 3850 1211 3911 nostrm

134 3972 269 4053 tempus
291 3962 335 4030 ad
356 3964 524 4033 calculum
548 3962 669 4045 trahis,
692 3977 752 4034 aut
768 3986 834 4054 ego
855 3966 968 4048 tutior,
990 3975 1050 4035 aut
1070 3974 1106 4034 tu
1128 3963 1210 4032 mihi

135 4107 279 4155 nunrero
317 4066 505 4157 litterarum
540 4086 654 4158 adbuc
691 4086 826 4158 debitor
864 4110 995 4160 manes,
1033 4087 1210 4179 Siquidem
