2670 4688
128 242 167 301 ua
463 257 503 304 m:
524 258 623 305 nunus
646 258 867 311 ritnttrsntnus

127 393 278 461 animum
307 391 367 462 tibi
399 393 624 466 dedicaturus
658 397 876 477 nascebatur,
905 418 1043 490 aequum
1072 399 1139 469 tuit
1166 411 1210 469 ut

127 515 321 585 renascenti
348 516 411 586 sibi
435 524 558 590 nomen
587 519 666 593 hine
697 523 773 591 eius
806 524 922 593 future
952 521 1098 615 hineque
1124 521 1210 615 ipsa

128 637 186 706 Dei
207 640 422 729 praescientia
445 640 510 709 iarn
534 643 696 736 presenti
724 641 900 735 preposito
920 663 1112 713 consenum
1138 641 1209 713 eb-

127 758 271 830 veniret.
293 762 398 833 ttnlta
419 763 464 834 de
488 765 551 833 hee
576 766 653 835 viro
673 764 844 836 narranda
865 766 1018 860 suppetit
1037 765 1206 850 materia,

124 905 206 975 quae
226 885 309 955 nulli
331 908 433 977 quam
452 886 522 970 tibi,
545 888 671 967 Caesar,
689 887 822 959 notiora
845 889 1067 960 crediderim:
1089 910 1205 959 unum

123 1029 169 1079 ex
190 1008 282 1077 mitte
300 1010 542 1101 perstringam.
562 1011 738 1102 Siquidem
757 1032 849 1083 anno
869 1013 927 1083 ilie
944 1013 992 1084 tui
1013 1011 1204 1097 adventus

123 1150 202 1198 eum
225 1139 262 1200 tu
288 1152 343 1200 me
370 1131 443 1200 suis
470 1130 588 1201 verbis
609 1132 653 1204 ad
680 1144 713 1204 te
733 1132 907 1203 Mantuam
932 1152 1137 1218 evocasseS,
1164 1147 1206 1207 et

123 1275 190 1344 ego
210 1255 329 1347 paucis
357 1266 433 1347 pust
458 1255 581 1325 diebus
609 1256 674 1327 iter
699 1278 859 1347 agerem,
885 1255 1029 1346 contigit
1056 1265 1093 1327 ut
1117 1278 1203 1329 eum

122 1374 258 1448 Abduae
274 1378 386 1448 amnis
403 1378 434 1446 in
447 1381 520 1470 ripa
539 1400 617 1448 sero
636 1377 879 1463 substitissem,
900 1402 1000 1451 mane
1017 1380 1103 1451 meis
1119 1380 1204 1475 ipse

123 1499 271 1571 stimulis
292 1501 429 1572 excitus
454 1511 489 1571 et
514 1500 558 1571 ad
580 1513 613 1572 te
638 1523 828 1597 properans
853 1515 934 1575 ante
955 1504 1067 1574 iucem
1092 1501 1203 1577 domo

121 1623 316 1715 egrederer,
336 1648 404 1696 non
422 1627 586 1696 comitum
609 1625 713 1697 modo
731 1626 791 1696 sed
813 1628 1020 1698 famulorum
1041 1648 1203 1699 murmu-

120 1769 176 1833 re,
198 1749 291 1841 qued
312 1748 368 1820 nbi
392 1749 452 1818 vix
474 1770 536 1843 per
556 1748 648 1820 diem
670 1751 704 1818 in
734 1748 891 1820 thalamis
908 1760 988 1822 ante
1005 1750 1122 1839 ignem
1146 1760 1203 1823 te-

124 1875 223 1944 {erari
255 1885 375 1966 posset
400 1873 528 1943 insetiti
554 1875 609 1944 vis
642 1873 783 1965 algoris
809 1895 876 1965 ego
906 1896 967 1968 per
999 1883 1135 1944 noctem
1163 1886 1203 1946 et

123 1997 241 2091 rigidis
266 1996 407 2067 niuibus
432 2009 467 2067 et
492 1996 634 2067 iubricae
660 1995 780 2087 glaciei
803 2008 837 2067 et
862 1998 939 2068 emti
965 1996 1201 2069 inclementia

122 2120 262 2193 minime
281 2121 431 2192 ferreum
449 2141 576 2212 cornus
594 2118 791 2190 obiicerem.
811 2120 897 2188 Tum
915 2141 996 2190 ecee
1015 2118 1118 2188 limen
1132 2137 1202 2213 op-

124 2244 192 2343 pidi
213 2254 456 2336 transgressus
475 2243 540 2313 iste
562 2241 600 2312 srt
624 2241 763 2323 obvius,
785 2241 843 2333 qui
866 2241 1034 2312 Cremona
1056 2239 1123 2312 sub
1143 2241 1202 2313 in-

126 2379 301 2467 tempesta
326 2369 436 2439 noetis
458 2368 595 2438 silentio
620 2365 800 2457 digressus
820 2364 887 2436 iam
913 2363 1095 2436 duodecim
1117 2365 1200 2436 mit-

128 2498 172 2569 tia
185 2514 349 2591 passuum
366 2501 544 2583 exegerat,
560 2502 597 2561 ut
614 2490 671 2560 ilto
689 2490 794 2560 tetius
810 2486 891 2560 anni
907 2486 1118 2558 brevissimo
1135 2486 1198 2561 di'e

131 2618 351 2695 §tediatunum
372 2613 579 2710 perveniret.
607 2614 651 2684 Et
668 2613 747 2685 lieet
772 2612 909 2685 sarnutis
930 2620 1035 2703 atque
1059 2609 1198 2681 eomiti-

135 2744 199 2819 bua
215 2742 285 2818 suis
307 2741 434 2833 frigore
453 2737 586 2809 enectis
604 2747 640 2807 et
660 2737 778 2807 tabere
795 2733 971 2813 contectis,
999 2754 1090 2804 unus
1115 2733 1198 2826 ipse

144 2872 189 2945 sie
207 2868 273 2943 itin
295 2864 393 2963 quasi
424 2860 469 2935 ad
498 2860 634 2933 estiva
669 2858 778 2929 noetis
806 2878 966 2928 auroram
1001 2853 1194 2929 herbosum

148 2998 245 3071 hue
264 2996 327 3071 iar
346 2990 542 3085 ingressae,
566 2993 602 3055 et
623 2980 806 3053 identidem
830 2979 1054 3072 requiescens
1075 2979 1108 3047 in
1132 2988 1195 3055 tuo

159 3124 324 3195 flet
339 3110 437 3189 intui
456 3104 622 3183 memoria
643 3106 871 3177 recalescens.
891 3102 1029 3193 agnovi
1049 3122 1192 3172 vocem:

166 3248 296 3321 nh
313 3240 456 3317 notitiam
481 3232 600 3305 vultus
625 3227 852 3300 abstulerant.
881 3224 1055 3316 Compello
1080 3224 1204 3300 hemi.

180 3358 520 3459 andiumpide.
539 3353 583 3427 Et
601 3352 694 3425 Deus
712 3347 809 3431 bone,
829 3368 919 3441 quos
940 3346 995 3418 itte
1015 3347 1059 3417 ile
1081 3357 1113 3415 te
1131 3368 1190 3415 ru-

192 3516 386 3591 ιμ
403 3508 492 3589 spes,
515 3498 602 3577 quos
626 3476 660 3547 in
687 3495 805 3545 aurern
833 3492 997 3544 susurros
1022 3470 1191 3561 gavisuro

205 3624 372 3695 fin
385 3616 497 3693 'nunt
520 3606 591 3685 ttnt
612 3598 715 3685 enim,
742 3596 874 3680 Ctesar,
897 3603 936 3666 ut
952 3592 1100 3664 arduum
1128 3589 1188 3660 tibi

218 3726 700 3821 *hammum
714 3718 799 3791 iliud
817 3720 933 3793 isaiae:
949 3718 1068 3789 Omnis
1087 3737 1188 3787 mons

229 3870 529 3945 qm
536 3870 569 3935 et
577 3861 690 3931 assent
702 3862 809 3945 prava
821 3844 855 3913 in
870 3842 1001 3915 directa
1013 3851 1047 3911 et
1061 3860 1188 3934 aspera

249 3988 626 4091 Μψτριιοι
637 3968 765 4055 eoeiesti
781 3988 846 4061 ope
865 3966 934 4035 tuis
952 3965 1088 4034 ianime
1105 3985 1187 4033 eon-

132 4086 141 4151 ί
270 4110 646 4209 ¹5me
663 4094 881 4193 adimpletum
907 4096 972 4159 est.
1000 4086 1081 4157 iride
1107 4096 1186 4181 pust
