2670 4688
106 86 147 139 ²¹
592 119 744 168 nrisroti
766 120 804 167 vr.
1176 102 1235 163 525

106 232 264 357 *quun
282 262 450 335 naturalis
476 260 660 332 amoenitas
688 263 840 331 locorum
875 261 976 331 amici
1009 259 1173 331 convictu
1199 271 1235 330 et

113 386 139 435 ἲ
152 384 375 459 sermonibus
396 382 619 454 condiretur?

106 512 152 567 ’Ξ
257 508 378 598 Neque
409 504 494 575 mibi
525 501 699 597 snperbia
726 503 830 574 detur
862 501 956 594 quod
988 500 1122 572 adme
1147 502 1233 574 alios

108 644 136 691 ι
158 628 297 699 trabere
326 627 443 720 potius
470 647 575 717 quam
601 625 676 718 ipse
697 624 797 716 sequi
819 622 960 694 videar:
983 622 1028 694 ad
1048 632 1235 714 utrumque

106 766 126 815 e
156 770 205 820 ex
237 770 340 840 aequo
373 759 516 841 paratus
541 758 597 818 εει
621 747 769 816 animus.
795 746 895 828 Quod
924 746 952 815 si
981 743 1143 816 omnibus
1168 744 1235 816 oir-

106 896 116 921 ·
156 871 367 963 cumspectis
389 891 563 962 nusquam
582 868 711 939 nostris
733 865 998 959 tempestatibus
1020 864 1235 957 tranquillior

106 1020 112 1067 r
156 1002 279 1084 portus
296 1001 364 1073 est,
384 991 479 1084 quod
496 999 644 1081 uterque
661 1002 819 1060 vestrum
838 989 911 1058 suis
931 997 1077 1058 testatur
1094 985 1232 1068 litteris,

155 1124 193 1186 et
219 1113 415 1185 testimonio
440 1123 573 1191 nostro,
600 1111 656 1181 cni
681 1112 768 1180 sorte
795 1111 874 1201 plus
900 1107 980 1180 fidei
1000 1108 1096 1180 dabit
1120 1107 1235 1180 Ludo

156 1238 258 1308 vicus
282 1235 337 1308 cui
364 1243 485 1306 notum
514 1231 587 1302 fiori
620 1234 775 1324 postulo;
795 1230 882 1324 quid
909 1231 1048 1302 tandem
1073 1231 1233 1303 nnumin

155 1360 269 1428 locum
291 1358 481 1428 convenire
501 1376 566 1426 nos
590 1363 700 1436 vetat,
727 1354 805 1448 qui,
834 1366 872 1424 ut
896 1354 986 1425 idem
1016 1375 1111 1446 saepe
1136 1376 1236 1449 repe-

156 1492 243 1560 tam,
266 1479 301 1548 in
324 1501 391 1549 una
412 1477 617 1570 iampridem
638 1477 867 1548 convenimus
894 1479 1097 1548 voluntale?
1121 1476 1235 1547 Habe-

157 1621 237 1672 mus
262 1599 355 1693 qnod
386 1601 471 1671 satis
504 1610 570 1669 est.
598 1598 774 1691 Quidquid
800 1599 949 1693 amplius
976 1601 1138 1692 petimus,
1167 1621 1234 1670 non

155 1731 291 1792 naturae
314 1719 377 1790 sed
397 1719 598 1812 cupiditatis
619 1720 794 1812 appetitus
819 1729 888 1798 est,
923 1721 978 1790 oui
1011 1723 1128 1791 nullus
1162 1742 1235 1791 mo-

156 1843 240 1928 dus,
259 1844 374 1913 nullus
393 1852 447 1912 est
463 1841 641 1912 terminus.
664 1841 883 1913 Declinemus
897 1840 1079 1921 infinitum,
1101 1862 1233 1934 quaeso,

157 1964 242 2036 illud
274 1963 380 2035 chaos
401 1974 436 2033 ει
456 1963 734 2034 inextricabilem
761 1963 1005 2059 labyrinthum.
1033 1964 1144 2035 Habet
1171 1965 1236 2036 boo

157 2088 303 2159 avaritia
324 2087 500 2179 proprium
522 2095 627 2176 atque
648 2086 839 2178 pessimum
853 2112 866 2179 ².
884 2094 1025 2178 torquet
1049 2088 1142 2159 curis
1164 2088 1235 2157 ina-

156 2206 274 2288 nibus,
309 2227 374 2275 nec
405 2206 559 2275 animum
587 2206 691 2274 satiat
716 2206 778 2275 sed
806 2206 973 2290 incendit,
999 2218 1035 2276 et
1056 2228 1127 2297 quo
1153 2207 1237 2275 nibil

156 2337 211 2397 est
231 2325 400 2407 deterius,
429 2323 665 2417 praesentibus
696 2326 745 2395 uti
778 2326 949 2418 prohibet,
977 2328 1060 2397 dum
1087 2338 1237 2398 ventura

157 2445 346 2539 pollicetur.
380 2446 564 2536 Nunquam
602 2446 678 2516 baec
710 2444 862 2516 habendi
898 2448 974 2518 sitis
1006 2432 1107 2541 plura
1139 2468 1237 2541 quae-

157 2568 268 2639 rendo
292 2567 447 2639 sedatur.
482 2568 557 2658 Ego
590 2567 747 2659 quidem,
775 2567 870 2658 quod
899 2567 945 2639 do
974 2568 1091 2651 vobis,
1118 2570 1235 2655 amici,

159 2701 253 2761 tanto
272 2691 383 2780 magis
403 2709 506 2783 spero
523 2698 653 2781 quanto
672 2691 749 2780 plus
768 2688 802 2757 in
819 2688 923 2760 vobis
942 2690 1122 2762 modestiae
1140 2692 1235 2774 novi,

157 2834 224 2903 ogo
246 2811 346 2904 posui
366 2810 614 2905 cupiditatibus
634 2813 721 2884 meis
751 2811 907 2899 modum,
938 2825 975 2884 ει
1006 2813 1135 2885 oraculi
1162 2816 1238 2885 loco
1302 2814 1307 2829 '

158 2935 384 3004 Horatianum
405 2934 490 3005 illud
512 2936 645 3028 accepi:

279 3112 404 3189 Semper
421 3129 534 3175 avarus
551 3094 636 3192 eget:
655 3122 774 3177 certum
792 3122 866 3179 volo
881 3133 960 3196 pone
977 3118 1080 3178 finem.

158 3297 277 3380 Posui,
301 3299 421 3382 fateor,
445 3298 537 3370 buno
567 3297 686 3383 finem,
715 3311 752 3371 ει
776 3301 848 3371 Deo
874 3301 1014 3370 favente
1035 3296 1148 3385 attigi,
1176 3316 1240 3366 nec

158 3419 308 3492 verebor
333 3442 377 3491 ne
402 3421 483 3490 mibi
510 3421 694 3512 segnitiem
721 3420 862 3492 obiiciat
875 3421 991 3490 baeres
1018 3438 1129 3489 meus.
1156 3416 1238 3486 Mihi

157 3543 248 3611 enirn
271 3542 355 3613 vivo
372 3563 440 3612 non
459 3542 537 3626 sibi,
560 3553 596 3614 ει
617 3564 734 3613 rerum
757 3563 913 3612 mearum
934 3563 1015 3613 cum
1037 3539 1157 3610 amicis
1178 3539 1240 3611 do

159 3659 287 3746 miuus,
308 3685 374 3735 non
391 3662 613 3755 negociorum
628 3665 720 3746 eius,
740 3664 801 3756 qni
819 3665 967 3734 fortasse
984 3660 1139 3732 nondum
1155 3661 1238 3730 mibi

160 3786 396 3871 cognoscitur,
419 3795 538 3876 gestor
559 3788 730 3858 sum.Pro
749 3798 936 3857 meantem
956 3783 1042 3876 quid
1063 3792 1239 3875 tantopere

161 3901 384 3978 laborandum
406 3912 485 3979 est‘?
508 3909 589 3979 Plus
616 3908 742 3980 obtulit
769 3907 852 3978 mihi
879 3909 1033 3978 Fortuna
1053 3926 1158 3996 quam
1179 3928 1240 3977 ne-
