2670 4688
612 209 653 256 DE
676 208 776 257 ussus
797 206 1022 256 ralllhlhlllslls

419 352 551 444 Perque
570 369 694 420 omnes
715 352 894 443 scopulos,
916 360 1146 441 monstraque
1167 346 1310 420 flucluu

420 474 604 545 Terrarum
624 494 803 566 sequerer.
824 473 950 543 Limite
970 470 1017 542 ah
1037 468 1159 543 Indico

418 596 497 668 Vidi
516 595 598 667 solis
615 617 727 688 equos
748 616 895 687 surgere
915 592 1056 672 nitidos,

419 719 463 788 lit
484 738 602 790 serum
622 718 760 790 Oceano
780 719 932 810 mergier
952 717 1087 795 ullimo;
1186 742 1193 749 ·

419 841 549 912 Tecum
570 851 667 911 trans
688 841 835 910 Boream
859 851 1026 932 transque
1046 839 1179 910 Notum
1200 860 1331 932 vagum

420 963 491 1035 lam
514 983 578 1034 seu
599 963 758 1034 fortuitas
773 961 877 1033 ducis
898 960 945 1032 ad
964 962 1113 1044 Insulas,

421 1086 490 1157 Seu
512 1104 568 1156 me
588 1084 808 1155 luctisonum
831 1083 980 1155 retrahis
1000 1083 1155 1164 Aulium,

419 1208 489 1278 Seu
511 1227 566 1276 me
586 1206 763 1277 Romuleis
784 1204 924 1276 arcibus
944 1202 1081 1275 invehis

422 1327 517 1396 Totis
539 1327 667 1417 ingenii
690 1325 874 1418 gressibus
895 1326 1069 1418 insequor.

420 1449 476 1518 Sic
497 1469 551 1518 me
571 1457 670 1537 grata
693 1450 779 1543 lyrae
799 1446 857 1518 fila
880 1445 1021 1519 trahunt
1037 1453 1122 1528 tuos,

422 1569 477 1638 Sic
499 1571 626 1641 mulcel
644 1570 768 1640 calami
788 1568 900 1641 dulcis
921 1566 1105 1640 acerbitas.

696 1957 873 2022 srlsroua
901 1958 945 2021 lll.
1045 1974 1050 1981 ·

302 2115 303 2119 ’
360 2137 551 2187 rrnncrscus
574 2137 742 2185 rsrnnncn
764 2134 835 2183 ruo.
857 2134 995 2183 vrnsrmo
1016 2133 1138 2184 ursoni
1159 2135 1187 2185 s.
1209 2137 1239 2184 r.
1262 2138 1293 2185 o.

280 2295 384 2359 orruerit
403 2294 437 2348 de
457 2299 532 2350 slalu
544 2293 621 2349 eius:
638 2293 708 2365 quid
725 2293 857 2362 hiantum,
873 2293 941 2366 quid
955 2292 1071 2366 Neapoli
1088 2297 1189 2363 agatur
1204 2295 1314 2364 aperit:

368 2383 458 2439 Roma
485 2387 572 2452 lacet,
599 2399 721 2456 eumque
741 2383 776 2439 de
797 2383 885 2457 pretio
908 2382 997 2438 trihus
1016 2381 1144 2455 maximis
1158 2382 1220 2439 eius
1234 2399 1290 2454 ope
1325 2409 1330 2429 ·

370 2472 565 2529 universorum
592 2472 694 2528 iudicio
709 2470 802 2528 addito
817 2472 963 2529 cer-liorem
979 2470 1078 2527 reddit.

305 2662 442 2755 Eloquii
462 2664 642 2758 splendor,
662 2665 773 2735 haliae
793 2683 876 2756 spes
896 2665 1007 2734 alleca
1027 2662 1173 2753 linguae,

379 2784 478 2855 Clare
497 2784 611 2867 Maro,
635 2793 730 2853 lanta
750 2804 854 2874 quem
876 2785 960 2854 felix
980 2785 1121 2857 Mantua
1142 2788 1241 2877 prole

378 2904 572 2973 Romanum
593 2902 764 2993 genuisse
781 2904 891 2975 decus
911 2927 975 2999 per
996 2910 1125 2979 saecula
1146 2910 1298 2999 gaudet,

380 3023 466 3109 Quis
488 3035 524 3095 le
543 3034 713 3096 terrarum
735 3033 885 3112 tractus,
906 3038 1037 3120 quotus
1057 3041 1154 3102 arcet
1172 3029 1310 3105 Averni

330 3190 336 3197 -
380 3148 561 3218 Circulos?
579 3143 634 3217 An
654 3166 795 3219 raucam
813 3149 981 3223 citharam
1005 3151 1067 3223 libi
1084 3156 1205 3225 luscus
1224 3154 1329 3250 Apoll

381 3267 543 3352 Perculit,
563 3280 599 3340 ct
618 3269 730 3360 nigrae
750 3281 945 3345 contexunt
961 3274 1069 3346 verba
1087 3279 1249 3346 sorores?

379 3394 432 3463 An
453 3391 532 3483 pius
549 3392 703 3486 Elysiam
725 3399 922 3489 permulceo
943 3401 1101 3471 carmine
1120 3399 1244 3471 silvam

381 3515 654 3607 Tarlareumque
672 3517 834 3589 Helicona
854 3522 952 3604 colis,
975 3521 1208 3613 pulcherrime
1229 3536 1319 3599 vatu

380 3637 423 3707 El
444 3636 546 3708 simul
566 3637 740 3709 unanimis
758 3651 871 3712 mcum
893 3642 1063 3734 spatiatur
1080 3645 1275 3715 Homerus?

383 3759 606 3853 Solivagique
625 3773 755 3832 cauum
774 3761 943 3837 Phoeburn
962 3787 1024 3857 per
1046 3779 1143 3857 prata
1165 3781 1287 3858 poetae,

381 3885 541 3976 Orpheus
562 3906 604 3956 ac
624 3883 761 3976 reliqui,
783 3885 850 3955 uisi
871 3907 963 3978 quos
981 3886 1133 3959 violente
1156 3890 1288 3978 relegat

382 4006 477 4075 Mors
495 4005 632 4098 propria
653 4005 806 4077 conscita
825 4028 942 4089 mann,
967 4007 1125 4097 saevique
1147 4010 1296 4080 ministri
