2670 4688
122 306 182 367 itit)
461 321 502 369 os
524 322 625 370 asnis
647 322 871 373 instetuemus

126 495 142 528 ι
171 463 303 553 lingere
328 485 397 532 non
430 476 484 532 est
519 476 650 534 nostrae
683 467 914 556 religionis.»
949 465 1067 548 burdo,
1103 470 1214 561 iuquit

128 617 142 647 n
171 587 241 658 ille:
267 586 455 667 bominem,
491 585 553 656 sed
582 586 703 659 divino
733 589 874 680 ingenio
906 589 1019 659 tuisse
1058 589 1212 662 Tullium

128 738 142 770 ι
170 708 252 780 seio.
279 736 294 772 ι
322 708 405 791 lloe,
433 709 583 801 inquam,
609 708 727 801 utique
749 709 891 780 rectius.
914 710 1004 780 Nom
1025 713 1211 783 eoelestem

128 861 143 893 u
168 830 402 916 Quintilianus
418 829 578 913 dieendo,
599 851 725 901 verum
745 828 846 900 dixit.
868 830 937 902 Sed
958 832 988 902 si
1015 829 1210 913 bomoiuit,

128 964 206 1023 »et
228 973 370 1023 errasse
402 953 557 1046 prolecto
589 952 700 1045 potuit
731 960 768 1022 et
798 953 942 1024 erravit.
969 981 986 1017 ι
1013 955 1103 1027 llaec
1128 954 1210 1028 dom

121 1074 287 1159 dioerem,
306 1073 529 1158 eoborrebat,
557 1087 592 1147 et
617 1076 719 1167 quasi
745 1095 815 1145 nou
837 1077 872 1146 in
894 1077 1022 1148 lamam
1043 1078 1208 1151 alterius.

124 1196 245 1268 sedin
273 1217 376 1267 suum
402 1206 507 1288 caput
539 1194 731 1281 dioeretur,
753 1196 998 1269 aversabatur.
1019 1198 1210 1290 Ege'vero

121 1319 207 1411 quid
243 1319 409 1399 dioerem,
445 1317 661 1393 ciceroniani
698 1320 852 1391 nominis
884 1329 920 1391 et
951 1320 1030 1415 ipse
1067 1321 1210 1391 mirator

123 1440 323 1511 maximus?
355 1440 461 1509 Seuili
496 1440 614 1512 ardori
640 1450 676 1512 et
706 1451 802 1512 tanto
846 1440 964 1512 studio
1006 1438 1210 1532 gratulabar

120 1560 286 1653 quiddam
295 1559 425 1631 scilieet
431 1560 688 1655 Pythagoreum
699 1563 876 1635 redolenti:
891 1572 1025 1636 tantam
1039 1566 1152 1637 unius
1163 1566 1209 1636 iu

122 1682 214 1774 genii
234 1683 468 1753 reverentiam
488 1704 579 1767 esse,
603 1695 733 1757 tantam
755 1685 979 1777 religionem,
993 1696 1034 1757 nt
1046 1687 1210 1760 humone

122 1803 367 1878 imbecillitatis
387 1807 422 1875 iu
447 1828 491 1878 eo
516 1806 647 1899 aliquid
682 1807 855 1902 suspicari
880 1809 1068 1900 sacrilegio
1093 1810 1209 1906 proxi·

122 1951 218 2001 mum
261 1927 450 2001 haberetur
493 1928 707 2021 gaudebam,
756 1925 980 2023 mirabarque
1024 1932 1208 2003 invenisse

123 2051 312 2131 homiuem,
347 2051 408 2143 qul
446 2052 525 2144 plus
561 2073 617 2124 me
654 2050 750 2122 illum
787 2051 967 2143 diligeret,
999 2073 1112 2145 quem
1143 2073 1208 2146 ego

123 2186 262 2268 semper
293 2193 368 2265 pree
396 2172 559 2245 omnibus
583 2173 809 2259 dilexissem,
832 2176 963 2269 quique
987 2195 1098 2267 quarn
1128 2176 1210 2247 mibi

123 2316 232 2388 puero
252 2295 362 2366 luisse
384 2298 626 2380 memineram,
644 2318 722 2368 eam
743 2298 788 2371 de
809 2301 869 2371 illo
885 2320 994 2371 senex
1011 2299 1211 2393 opinionem

123 2427 262 2507 gereret
276 2415 448 2488 altissime
465 2417 673 2501 radicatam
687 2440 754 2491 nee
765 2420 922 2510 cogitare
933 2416 1079 2512 quidem
1091 2431 1213 2515 posset

122 2561 165 2611 ea
185 2549 310 2623 seete,
333 2539 439 2612 homo
461 2544 489 2611 si
515 2541 580 2613 luit
605 2540 735 2625 Cicero,
758 2561 979 2633 consequens
1003 2560 1088 2614 esse
1112 2554 1156 2614 ut
1178 2544 1211 2613 in

125 2661 351 2752 quibusdam,
373 2685 419 2734 ne
437 2662 550 2736 dicam
573 2665 702 2747 moltis,
723 2663 910 2735 erraverit:
925 2661 1022 2756 quod
1033 2684 1105 2756 ego
1117 2676 1213 2739 oerte

122 2786 192 2854 iam
229 2787 356 2879 partim
390 2787 519 2876 cogito,
555 2786 680 2878 partim
715 2783 802 2865 seio,
832 2785 899 2856 etsi
932 2782 1048 2857 adbuc
1080 2788 1214 2859 nullius

123 2926 224 2996 aeque
255 2903 410 2975 delecter
439 2905 602 2996 eloquio;
638 2925 704 2974 neo
736 2905 827 2998 ipse,
861 2907 997 2998 dequo
1018 2908 1210 3001 loquimur,

124 3025 256 3098 Tullius
276 3024 428 3116 ignorat,
451 3043 547 3117 saepe
570 3024 616 3095 de
643 3024 791 3117 propriis
813 3028 968 3117 graviter
984 3040 1135 3120 questus
1156 3052 1213 3103 er-

125 3149 276 3233 roribus,
298 3167 403 3242 quem
424 3145 490 3217 uisi
518 3147 569 3217 sic
592 3144 637 3216 de
663 3166 703 3217 se
729 3149 887 3219 sensisse
917 3153 1104 3237 fateamur,
1137 3154 1213 3225 len·

123 3273 229 3345 dandi
251 3270 407 3352 libidine,
428 3279 465 3343 et
485 3269 643 3341 notitiam
671 3271 725 3342 sui
751 3272 878 3367 ipsius,
909 3284 944 3344 et
968 3296 1134 3366 magnam
1163 3276 1212 3348 illi

126 3408 256 3489 partem
277 3392 530 3488 philosophice
552 3391 667 3465 laudis
687 3394 872 3489 eripimus,
896 3395 1116 3470 modestiam.
1135 3398 1213 3471 Cae

127 3511 239 3589 terum
256 3536 321 3587 uos
337 3514 476 3599 dioillo,
492 3525 573 3608 post
585 3517 726 3607 longum
741 3537 950 3603 sermonem,
967 3519 1053 3589 hora
1066 3518 1212 3590 demum

126 3637 381 3729 interpellante,
410 3635 648 3718 surreximus,
674 3648 779 3729 atque
801 3636 882 3708 iude
908 3637 1045 3730 integra
1071 3639 1133 3712 lite
1157 3639 1214 3711 di-

127 3779 284 3831 scessum
305 3767 380 3829 est:
404 3759 465 3831 sed
487 3757 640 3848 exegisti
661 3759 833 3842 ultimum,
861 3770 899 3830 ut
918 3760 1014 3852 quod
1032 3771 1116 3833 tune
1132 3761 1215 3836 bre-

127 3880 218 3950 vitas
241 3880 406 3971 temporis
427 3903 496 3954 nou
515 3876 666 3963 sinebat,
694 3878 753 3950 ubi
780 3881 929 3974 primum
956 3882 1214 3968 constitissem,

127 4003 326 4095 exemplum
354 4000 414 4072 tibi
438 4004 596 4096 epistole
624 4002 806 4094 utriusque
832 4006 1112 4089 transmitterem,
1140 4030 1216 4102 quo

132 4147 168 4197 re
200 4124 315 4195 aerius
340 4145 510 4205 excussu,
542 4126 598 4195 tel
630 4135 812 4218 sequester
845 4123 941 4216 paeis
968 4128 1058 4195 iuter
1078 4142 1212 4221 partes,
