2670 4688
186 294 245 356 154
526 305 567 354 nn
589 306 689 356 anans
711 306 934 357 rrnrnrrnrnns

186 448 302 519 munis
323 459 358 520 et
378 450 520 538 vulgata
544 448 745 529 calamitas3
767 457 805 518 ut
825 448 963 519 hostem
984 452 1060 542 ipse
1084 458 1186 522 tunm
1209 476 1281 524 nu·

186 572 284 654 trias,
309 591 352 641 ea
373 591 456 642 vere
482 568 671 660 singularis
696 570 860 663 qnaedam
887 583 923 642 ec
946 583 1104 643 extrema
1129 573 1278 648 miseria

184 701 250 765 est.
267 692 311 763 Et
324 691 420 786 quid,
435 711 570 784 quaese,
585 715 678 763 nunc
690 692 835 782 cogitas,
851 692 984 764 amice?
996 693 1108 776 Quam
1121 693 1278 769 libenter

184 814 250 887 hoc
266 818 381 886 furum
401 836 513 904 genus
533 824 652 909 satyra
671 835 862 908 pungerem
878 814 1070 898 immortali,
1090 816 1157 886 nisi
1175 819 1275 910 qnod

183 945 219 1008 et
240 957 334 1032 saepe
359 935 446 1008 alias
465 946 502 1007 ef
521 934 626 1006 hodie
652 936 738 1006 satis
759 938 865 1007 muita
886 935 931 1007 de
956 934 1139 1007 vilissimis
1157 938 1275 1032 pessi·

183 1061 322 1154 misqne
346 1059 518 1130 furciferis
545 1070 581 1128 et
607 1056 770 1148 indignis,
796 1058 857 1151 qni
874 1061 1046 1129 calamum
1067 1058 1273 1132 melioribus

181 1179 535 1254 destinatumdiutius
548 1191 725 1273 occupent,
740 1179 832 1250 dicta
847 1179 1035 1251 sunt.illud
1047 1182 1272 1274 auremquod

182 1329 229 1379 ex
250 1307 317 1378 hoc
337 1327 419 1378 nere
441 1327 582 1397 semper
605 1305 776 1378 hactenus
801 1305 941 1376 laudaro
956 1327 1050 1376 nnnc
1070 1306 1189 1377 nescio
1208 1328 1273 1379 cnr

183 1429 298 1501 infami
325 1450 381 1499 me
406 1427 450 1499 ad
478 1428 624 1521 patriam
651 1440 747 1498 fuam
779 1427 1100 1520 saluberrimasque
1129 1427 1271 1522 Alpium

183 1553 319 1623 radices
340 1551 468 1622 anxius
489 1563 594 1642 arque
616 1551 770 1623 solicitus
792 1572 915 1634 vocas,
944 1548 1092 1622 fideliter
1123 1551 1270 1643 quidem

182 1671 267 1743 facis
288 1680 326 1742 nt
347 1674 452 1755 soles,
475 1680 584 1764 =utque
605 1673 639 1741 in
661 1672 736 1765 ipsa
764 1693 903 1764 precum
925 1670 1090 1745 instantia
1115 1673 1272 1765 splendi-

181 1794 259 1867 dior
279 1797 352 1867 sole
372 1793 564 1867 meridiano
585 1816 684 1867 amor
705 1795 788 1865 mihi
805 1807 887 1866 tuus
902 1796 1066 1866 illuxerit.
1082 1793 1154 1866 Sed
1167 1795 1269 1880 vide,

180 1938 254 2002 oro,
272 1919 376 2012 quale
394 1919 451 2002 sit,
472 1928 511 1990 uf
531 1918 635 1989 homo
656 1916 737 1989 lieet
757 1916 933 1998 indoctus
948 1917 1131 1988 doctorum
1152 1927 1269 1988 tamen

181 2041 361 2112 hominnm
394 2040 491 2111 fibris
525 2039 570 2111 ab
600 2041 740 2111 infantia
774 2039 982 2123 defectatus,
1015 2041 1155 2132 iamque
1189 2062 1270 2134 pro·

134 2198 135 2201 ¹
181 2162 314 2234 rectior
333 2176 481 2232 mortem
502 2141 703 2253 suffugere
724 2164 855 2255 cogitet
874 2174 936 2234 aut
959 2162 1108 2233 differre.
1134 2162 1272 2258 Nempe

181 2284 386 2376 iampridem
408 2294 444 2354 et
465 2281 564 2355 nobis
585 2296 621 2355 et
640 2285 804 2357 omnibus
825 2287 884 2379 qui
908 2295 1005 2367 sunt,
1027 2283 1162 2377 quique
1186 2300 1272 2380 post

180 2405 337 2498 venient„
359 2405 536 2477 constituti
561 2417 643 2478 sunt
669 2408 819 2494 termini,
847 2409 907 2502 qni
936 2419 974 2479 nc
999 2408 1169 2500 praeteriri
1196 2433 1271 2485 non

177 2537 355 2624 poterunt,
378 2529 429 2602 sic
449 2541 583 2602 etcum
606 2531 838 2627 praeferierinf
859 2531 1013 2626 reparari
1026 2539 1272 2626 etanieqnam

177 2664 390 2749 praetereant
410 2653 597 2747 praevideri
618 2666 806 2749 nequeunt.
828 2654 927 2726 Neve
943 2653 1073 2724 nostris
1095 2653 1163 2724 hoc
1180 2658 1272 2729 sofis

175 2796 388 2868 persuasum
406 2796 487 2847 csse
498 2787 560 2847 aut
572 2775 681 2846 sacris
696 2774 938 2847 tantummodo
954 2776 1076 2846 fitteris
1095 2778 1269 2872 seriptum

177 2904 294 2989 putes,
329 2895 412 2965 audi
443 2895 527 2987 qnid
557 2896 779 2968 saecularinm
811 2896 1005 2967 litterarum
1036 2910 1072 2970 ef
1096 2901 1272 2977 Romanae
1302 2940 1308 2948 ·

176 3014 350 3090 facundiae
381 3013 483 3110 primi
509 3016 619 3089 duces
645 3014 773 3088 dicant.
808 3015 905 3087 Afccr
938 3019 1030 3088 enim
1055 3018 1269 3095 moriendum

176 3140 289 3234 inquit
309 3149 393 3235 certe
419 3149 481 3220 esf,
509 3149 540 3208 ct
572 3137 607 3208 id
638 3138 804 3209 incertum
836 3162 880 3209 an
906 3141 964 3210 froc
993 3143 1064 3233 ipso
1099 3141 1167 3228 die,
1203 3168 1270 3218 nec

177 3275 223 3334 esf
243 3266 362 3358 nlr'quis
389 3273 456 3332 eam
488 3262 622 3345 stultns,
655 3264 806 3351 qrramvis
834 3264 877 3332 sit
908 3262 1102 3347 adolescens,
1138 3271 1196 3339 eni
1222 3275 1271 3345 sit

176 3391 389 3481 emptorctum
413 3408 447 3456 se
483 3405 585 3475 usqne
621 3382 666 3454 od
705 3404 875 3477 vesperam
907 3408 973 3456 esse
1005 3390 1180 3459 victurum.
1205 3390 1270 3464 ΑΙ-

178 3518 230 3580 fcr
251 3511 320 3582 ait:

296 3703 358 3766 Stat
374 3719 429 3766 sua
445 3703 557 3783 cuique
573 3701 653 3777 dies;
668 3699 764 3763 breve
782 3703 811 3759 ct
828 3698 1024 3779 irreparabile
1041 3707 1161 3779 tempus

295 3800 444 3867 Omnibus
461 3808 506 3867 cst
524 3800 604 3866 vitae.

174 3976 317 4051 Possem
340 3987 468 4059 multos
490 3989 564 4061 veri
590 3983 695 4061 nnius
717 3987 878 4065 auctores
905 3979 941 4047 in
967 3977 1118 4051 medium
1145 3980 1266 4057 addu-

175 4120 275 4184 cerc;
300 4103 363 4177 scd
385 4118 464 4179 noan
487 4130 544 4183 ros
565 4121 635 4193 asi,
659 4123 771 4198 neque
791 4122 900 4193 egens
927 4099 1089 4186 testium3
1110 4103 1155 4175 ad
1181 4104 1264 4180 haec
