2670 4688
280 296 373 345 sluaa
395 295 559 345 translatus
581 295 753 346 SECUNDUS.
768 293 969 345 —uptsrota
992 293 1044 345 Vll.
1147 280 1202 343 141

127 440 367 536 praestilisses,
388 448 491 532 teque
512 438 542 509 si
559 460 628 509 non
649 437 776 524 virum,
796 448 832 509 al
849 438 1038 523 bominem,
1059 439 1112 508 vel
1128 437 1158 507 si
1172 436 1207 509 id

127 566 247 647 nolles,
270 572 417 633 atcerte
437 582 507 632 non
529 559 680 631 belluam
696 558 924 631 meminisses.
944 559 1127 631 Evanuisti
1144 579 1209 630 au·

128 697 195 758 tem
217 687 252 757 in
271 683 539 776 cogitationibus
556 682 639 768 tuis,
655 704 767 776 usque
785 683 830 755 ad
843 685 1015 754 funestam
1030 683 1079 754 tui
1097 684 1209 778 ipsius

128 809 351 890 oblivionem,
379 826 611 899 soporemque
635 804 869 889 mortiterum,
892 804 984 876 unde
1012 814 1050 875 ut
1073 803 1209 877 absolvi

129 934 245 1025 possis
266 951 336 1000 non
357 928 536 1000 vocandus
556 928 662 1000 modo
687 930 744 998 vel
770 928 1000 1008 vellicandus,
1023 929 1086 1000 sed
1105 950 1210 1000 uren-

129 1055 198 1125 dus
215 1075 257 1124 ao
274 1051 447 1123 secandus
462 1071 512 1123 es.
531 1051 655 1140 Surge,
675 1071 811 1134 amens,
826 1051 1086 1144 expergiscere,
1105 1061 1210 1143 atque

130 1174 191 1246 ubi
217 1197 310 1246 nuno
333 1173 448 1245 iaceas
464 1173 556 1246 vide.
578 1173 655 1245 Non
681 1184 822 1246 cessent
844 1173 933 1245 oculi
962 1174 1012 1246 tui
1037 1173 1211 1267 perditum

130 1309 268 1390 tempus
288 1295 386 1378 flere,
408 1315 479 1366 non
501 1304 643 1365 cessent
659 1316 785 1367 manus
804 1306 873 1366 luae
893 1295 1064 1368 tumidum
1091 1302 1212 1389 pectus

132 1419 293 1501 tundere,
321 1440 390 1489 non
415 1426 534 1489 cesset
558 1417 677 1509 lingua
709 1419 882 1510 simulque
912 1417 1050 1489 animus
1075 1416 1212 1487 veniam

130 1541 276 1635 precari.
296 1538 430 1609 Numen
451 1540 604 1628 confessis
624 1537 757 1629 aliquod
767 1550 860 1632 putet
878 1538 991 1631 inquit
1005 1539 1109 1610 Naso.
1122 1535 1214 1623 Quid

131 1686 346 1757 aquoquam
370 1663 490 1733 verius
516 1660 584 1733 dici
611 1671 739 1754 polest,
766 1662 851 1754 quid
877 1663 1087 1754 religiosius,
1108 1660 1214 1734 modo

132 1790 176 1860 de
200 1787 342 1879 numipe
359 1784 583 1856 conveniret?
598 1786 698 1856 Patet
714 1785 875 1877 equidem
893 1786 1062 1857 confessis
1078 1793 1115 1856 et
1132 1805 1214 1855 eon-

134 1911 223 1981 tritis
248 1931 377 1980 numen
403 1907 561 2000 aliquod,
589 1907 674 1979 illud
707 1907 839 1978 scilicet
863 1909 908 1981 de
933 1929 1003 1998 quo
1037 1918 1215 2000 stupentes

133 2030 250 2115 ludaei,
264 2030 342 2122 quid
359 2032 411 2100 lu'c
429 2033 583 2121 loquitur,
597 2028 745 2113 aiebant,
759 2029 843 2101 dum
858 2039 1001 2122 peccata
1015 2028 1215 2111 dimitteret;

133 2152 228 2246 quod
249 2174 328 2224 cum
347 2152 456 2225 solius
474 2155 536 2224 Dei
553 2175 641 2247 opus
662 2163 767 2236 esset,
787 2149 861 2223 fieri
883 2151 928 2223 ab
948 2151 1087 2224 bomine
1113 2151 1218 2221 mira-

134 2275 278 2358 bantur,
307 2276 418 2366 iguari
438 2285 474 2346 et
493 2277 604 2347 Deum
629 2298 710 2349 esse
735 2275 795 2368 qui
821 2279 964 2362 faceret,
990 2276 1051 2368 qui
1075 2282 1217 2369 peccalo

136 2398 315 2468 bominum
341 2416 410 2465 non
437 2397 540 2467 modo
567 2409 646 2490 post
671 2410 808 2490 tergum
841 2421 942 2470 suum
975 2398 1122 2490 proiicit,
1153 2397 1217 2470 sed

135 2517 241 2587 etiam
259 2516 294 2584 in
313 2515 520 2609 protundum
540 2517 661 2600 marie,
677 2521 735 2610 qui
754 2529 920 2611 quantum
937 2520 1045 2590 distat
1061 2529 1160 2590 ortus
1173 2518 1219 2590 ab

137 2635 316 2708 occidente
341 2637 442 2726 longe
468 2635 551 2707 tacit·
573 2659 593 2706 a
618 2637 717 2708 nobis
744 2639 945 2729 iniquitates
978 2650 1131 2722 nostras,
1157 2640 1219 2732 qui

137 2781 244 2852 prope
266 2772 321 2830 est
338 2758 500 2831 omuibus
521 2760 761 2831 invocantibus
778 2782 874 2843 eum,
896 2760 958 2832 sed
976 2760 1218 2834 invocantibus

136 2882 172 2951 in
192 2884 352 2955 veritate.
378 2883 438 2953 llle
464 2883 525 2954 libi
551 2883 663 2955 aderit
688 2883 716 2953 si
744 2904 828 2955 vere
853 2882 1008 2967 invoces
1032 2883 1061 2954 si
1084 2892 1219 2955 tumore

136 3005 310 3097 deposito,
333 3006 361 3077 si
384 3007 551 3099 praeteriti
577 3005 700 3077 dolens
725 3016 761 3077 et
785 3006 891 3079 futuri
918 3019 1094 3092 metuens,
1116 3016 1153 3079 et
1175 3006 1220 3078 de

138 3139 171 3199 te
190 3127 326 3199 diffisus
343 3139 379 3199 et
398 3129 443 3200 de
465 3130 522 3201 illo
545 3151 705 3223 speram,
733 3129 794 3220 qui
819 3132 982 3222 quamvis
1011 3131 1138 3200 mullos
1159 3150 1221 3200 su-

138 3246 209 3318 bito
227 3269 320 3341 saepe
342 3249 592 3335 iustificaverit,
607 3273 672 3322 nec
686 3260 841 3342 tempore
859 3251 903 3320 ad
917 3250 1092 3341 agendum
1106 3261 1219 3343 egeat.

139 3370 189 3442 Tu
215 3381 329 3442 tamen
356 3375 461 3463 longa
487 3372 547 3444 tibi
575 3374 782 3466 purgatione
802 3395 891 3465 opus
913 3373 1056 3444 credito.
1079 3374 1222 3446 Diutur-

139 3512 195 3561 nae
208 3501 243 3561 ol
256 3502 427 3565 concretae
440 3493 564 3566 sordes
581 3517 649 3567 non
672 3496 771 3566 facile
787 3496 979 3567 diluuntur.
993 3497 1087 3566 Bene
1108 3506 1219 3567 tecum

139 3618 196 3706 agi
214 3625 314 3708 pules
335 3615 364 3685 si
385 3623 553 3707 quantum
578 3626 713 3711 tempus
735 3618 878 3704 errasti,
902 3626 1033 3688 lantum
1061 3617 1219 3689 redeunti

140 3738 315 3810 suffecerit
334 3738 527 3810 adrentum
547 3739 621 3810 iter.
637 3741 731 3811 Solet
743 3741 834 3811 enim
853 3762 950 3810 error
972 3762 1101 3833 pronus
1121 3763 1218 3825 esse,

140 3863 272 3934 reditus
293 3884 361 3933 non
383 3861 445 3933 ita:
467 3863 719 3934 remetiendum
745 3884 848 3935 omne
874 3862 934 3934 tibi
960 3865 1028 3935 viae
1054 3865 1217 3960 spatium,

140 4007 210 4077 quo
231 3996 299 4056 tam
321 3988 480 4081 procula
503 3985 645 4056 iustitiae
668 3983 802 4056 semitis
826 3983 1010 4059 aberrasti:
1039 3985 1219 4081 repetendi

140 4109 330 4191 anfractus,
359 4108 545 4202 relegenda
571 4106 734 4200 vestigia,
763 4117 802 4178 ut
825 4110 941 4181 omnia
967 4110 1001 4180 in
1027 4111 1216 4184 adversum
