2670 4688
129 246 167 313 m
460 253 502 303 on
522 253 623 304 nunus
643 252 867 305 samaritanos

129 393 302 473 lirmiliaris
323 389 473 476 obiiciat,
495 392 540 464 ad
561 392 626 463 hoc
647 415 755 463 uuum
775 392 859 465 milri
882 389 1014 465 surdus
1034 400 1076 465 ot
1092 395 1210 471 inere·

127 521 245 599 dulus,
268 512 422 586 fabrilem
445 513 601 587 deseruit
624 514 812 597 officinam,
834 516 1059 611 gymnasium
1088 528 1130 591 ot
1153 542 1210 595 ar-

129 643 211 712 tium
234 636 424 708 liberalium
459 639 646 730 magistros
679 639 774 723 colit,
804 637 1035 711 delectatione
1053 642 1208 731 eximia,

129 764 214 834 mira
234 781 307 855 spe,
329 781 434 853 quam
461 763 655 833 fortunatus
681 760 875 867 studiorum
894 761 1026 848 nescio,
1049 766 1121 839 sod
1147 788 1211 841 vo·

128 890 213 969 tivo,
235 884 301 956 nisi
321 885 432 967 fallor,
448 884 576 976 dignus
601 895 748 970 eventu,
773 887 835 979 qui
857 895 952 959 tanto
970 884 1112 981 impetu
1138 900 1208 963 tarn

128 1012 307 1082 honestam
328 1030 401 1080 rem
420 1017 583 1100 tantoque
600 1009 810 1101 reliquorum
828 1008 981 1080 omnium
998 1018 1208 1107 contemptu

127 1139 273 1227 appetat.
295 1131 340 1201 Et
359 1129 425 1201 sibi
445 1129 585 1222 quidem
606 1130 783 1224 ingenium
804 1133 989 1226 fervorque
1007 1135 1140 1223 animi,
1160 1136 1209 1209 oi-

127 1253 225 1326 vitati
249 1263 364 1324 autem
389 1251 436 1322 illi
463 1250 706 1344 magistrorum
739 1254 839 1347 eopia
871 1275 1011 1349 semper
1035 1258 1117 1331 l'uit.
1139 1258 1207 1333 Ol»

127 1389 221 1450 stare
240 1378 313 1447 sola
333 1373 472 1447 videtur
492 1384 578 1448 aelas
598 1376 765 1448 hominis:
784 1378 947 1470 quamvis
966 1387 1004 1451 el
1022 1378 1205 1457 Platonem

125 1513 161 1575 el
180 1500 344 1571 Catonem
366 1499 453 1571 tales
479 1498 592 1583 viros,
614 1500 709 1570 illum
731 1513 897 1592 proveeta
916 1509 1020 1573 aetate
1046 1502 1206 1598 philoso

126 1622 232 1719 phin,
255 1621 347 1693 hunc
381 1622 417 1692 in
447 1632 625 1695 senectute
657 1621 779 1695 litteris
804 1621 915 1695 Graiis
948 1623 1046 1696 hand
1071 1627 1207 1701 l'ruslra

124 1765 266 1839 operam
298 1743 440 1816 dedisse
477 1755 690 1838 compertum
723 1744 781 1817 sit:
815 1747 963 1818 sortasse
993 1756 1117 1819 autern
1151 1747 1207 1823 laia

127 1886 224 1939 marus
244 1863 289 1937 ob
309 1864 375 1939 hoe
392 1866 503 1960 ipsum
525 1891 594 1939 non
617 1867 781 1960 indignus
802 1867 919 1951 luerit,
941 1868 1002 1961 qui
1021 1869 1149 1965 aliqua
1171 1872 1202 1943 in

127 1998 222 2085 purte
240 1989 306 2059 mei
324 1991 440 2082 operis
458 1989 612 2061 inveniat
629 1992 754 2062 loeum.
772 1991 837 2062 Est
853 1991 958 2083 igitur
975 1989 1054 2063 viro
1072 2015 1203 2067 nomon

126 2112 305 2193 llenriuus‚
327 2121 595 2202 cognomentum
617 2113 738 2204 Capra,
754 2111 1121 2208 animalexpedilum,
1142 2118 1204 2189 im·

125 2234 276 2327 pigrum,
299 2232 431 2305 frondis
452 2253 586 2317 amans,
608 2243 643 2304 et
663 2244 787 2305 natura
808 2254 944 2328 semper
963 2234 999 2305 in
1015 2237 1132 2311 altum
1153 2237 1203 2311 ni·

125 2366 211 2427 tuns.
233 2355 314 2428 lude
334 2365 450 2427 autem
476 2354 606 2427 dietum
632 2355 744 2427 Varro
768 2355 919 2427 aestimat
943 2356 1040 2450 quod
1063 2358 1199 2453 virgul

126 2486 197 2551 taur
217 2488 349 2573 carpat,
367 2489 402 2549 ul
415 2478 460 2549 sit
472 2499 587 2570 capra,
609 2489 840 2574 transportata
862 2480 984 2560 littera,
1004 2481 1113 2572 quasi
1129 2502 1205 2555 oar

125 2626 178 2699 rra.
199 2600 300 2689 Quod
320 2601 348 2673 si
370 2602 541 2694 cuiquam,
558 2603 651 2675 haud
670 2603 778 2675 dubie
798 2602 878 2675 huie
897 2612 1018 2673 nostro
1039 2601 1203 2677 debitum

124 2728 228 2809 arrius,
255 2725 315 2821 qui
343 2725 373 2795 si
399 2746 500 2797 mane
526 2724 650 2798 silvam
676 2725 868 2817 attigisset,
895 2724 999 2797 erede
1021 2725 1123 2811 mihi,
1148 2726 1205 2801 di-

124 2856 275 2921 attritum
303 2844 518 2940 aliumque
543 2857 681 2919 uterum
706 2846 894 2918 retulisset.
922 2848 1003 2919 Haee
1030 2846 1091 2917 libi
1118 2848 1204 2921 olinr

122 2976 246 3043 uurruta
267 2967 461 3053 notissima,
480 2968 544 3041 sed
563 2965 739 3039 noscenda
768 2969 845 3041 aliis
873 2969 965 3041 dicta
998 2967 1077 3041 sint.
1095 2966 1204 3053 Quod

123 3092 282 3189 narrauitur
300 3090 414 3167 arllrue
435 3091 561 3163 nescis.
576 3092 638 3162 llio
651 3111 737 3183 ergo
758 3090 835 3165 talis
857 3091 891 3162 iu
910 3113 959 3176 se,
982 3099 1017 3163 et
1037 3112 1126 3184 erga
1145 3090 1204 3165 mo‘

124 3216 202 3287 talia
236 3212 434 3291 iurmludum
469 3234 571 3286 orare
602 3213 740 3299 institit,
764 3226 801 3286 ut
821 3235 929 3306 seque
951 3235 1125 3306 suumque
1151 3216 1204 3289 la-

124 3361 194 3409 rum
217 3339 368 3411 rrdruutu
390 3336 554 3431 dignarer
574 3358 667 3421 meo,
685 3336 839 3411 etunius
860 3339 980 3409 sallem
999 3334 1087 3408 lueis
1100 3358 1203 3411 mora

123 3460 213 3532 sieut
230 3459 304 3555 irruo
322 3458 453 3545 attrabat,
470 3457 632 3531 erunibus
650 3461 787 3531 saeeulis
804 3461 993 3551 gloriosam
1008 3480 1049 3529 ae
1061 3458 1201 3533 felicem

122 3584 280 3655 lirmuuur.
304 3582 375 3653 llou
393 3581 470 3655 eius
490 3579 704 3653 desiderium
738 3602 805 3652 non
838 3581 972 3672 absque
993 3579 1200 3655 difficultate

121 3703 251 3795 aliuuut
285 3706 350 3777 iura
383 3726 442 3801 pur
475 3724 585 3777 uanos
615 3713 802 3774 traxeram.
844 3703 944 3773 Nunc
984 3702 1123 3774 landem
1162 3715 1202 3779 et

124 3828 298 3903 lirlailuto
325 3830 386 3901 luel
413 3838 448 3903 ut
473 3850 542 3903 arun
567 3823 730 3921 precibus
756 3826 867 3896 solum
894 3823 957 3894 sed
982 3825 1201 3901 obsecratio-

121 3950 223 4021 ailruu
249 3962 280 4021 ul
311 3952 460 4027 irreriruis
486 3951 591 4024 evicit
618 3960 655 4021 ut
681 3946 859 4029 flecteres,
892 3948 1090 4019 elatioribus
1116 3948 1201 4024 lieet

120 4074 238 4145 arlrlrls
254 4072 483 4159 ululantium,
497 4074 626 4169 utullus
640 4072 771 4143 lruuore
784 4068 925 4162 indigna
938 4069 1117 4143 videretur
1131 4070 1200 4143 hu-
