2670 4688
149 308 208 368 ms
479 314 520 362 nu
542 314 643 362 nunus
664 313 887 363 carlmannus

145 483 221 531 rum
251 458 370 549 praelio
402 475 570 548 oppressa
600 466 636 527 ct
661 457 818 527 externis
849 455 983 526 insidiis
1008 457 1225 526 circumven-

144 595 189 651 ιι
209 579 330 671 ltaque
348 598 428 648 cum
450 577 485 646 in
505 578 640 649 cunctis
659 580 779 669 segnis
797 579 974 650 cunctatio
990 579 1082 650 loeda
1099 580 1152 659 sit,
1171 589 1225 648 ta-

142 722 221 771 men
241 700 277 768 in
296 700 504 792 imperatore
526 700 717 771 loedissima
733 712 803 782 est,
822 702 877 773 cui
898 712 934 772 et
953 725 1069 773 rerum
1091 705 1171 794 plus
1187 713 1225 771 et

142 823 258 892 minus
277 835 334 892 est
354 823 531 913 temporis,
553 831 668 913 atque,
692 833 729 893 ut
749 820 816 892 dici
839 826 938 908 solet,
957 825 1015 895 via
1036 824 1170 914 longior
1188 835 1225 894 et

140 943 281 1014 brevior
299 942 389 1014 dies.
407 943 498 1013 Ecce
518 964 621 1026 nunc,
645 942 764 1015 Cacsar
784 946 909 1037 (sentio
925 947 1018 1017 enim
1040 945 1119 1017 hinc
1138 946 1224 1038 quid

140 1066 188 1136 ibi
202 1066 333 1158 agitur:
352 1086 499 1155 magnus
517 1064 656 1158 quidem
675 1069 876 1160 explorator
893 1091 990 1140 amor
1007 1082 1072 1153 est,
1093 1078 1130 1140 et
1149 1089 1226 1138 ma·

139 1208 231 1277 gnus
251 1184 463 1278 excubitor),
486 1188 521 1255 in
541 1186 696 1258 consiliis
718 1188 824 1258 vitam
847 1189 943 1260 teris.
965 1191 1225 1262 consiliarem

139 1309 206 1381 nisi
226 1312 260 1380 in
280 1319 396 1381 actum
417 1309 599 1401 prodeant,
622 1310 706 1382 nudi
729 1320 811 1381 sunt
834 1312 1024 1402 cogitatus,
1043 1325 1079 1384 et
1100 1313 1223 1382 inanes

141 1451 248 1501 curae.
264 1430 350 1501 Cras
367 1430 544 1522 incipiam,
559 1433 725 1524 postridie
739 1433 921 1505 movebor.
936 1434 1005 1504 Cur
1018 1456 1085 1503 non
1100 1454 1224 1526 quaeso

138 1549 266 1621 bodie?
285 1550 335 1620 lta
355 1572 399 1620 ne
416 1571 555 1645 semper
571 1551 635 1622 lux
651 1566 801 1626 ventura
820 1554 976 1624 serenior
997 1575 1224 1644 praesensque

136 1669 352 1742 nubilosior?
365 1672 496 1766 Nempe
514 1684 633 1745 vatum
652 1678 837 1760 maximus,
857 1687 895 1746 ut
911 1673 1048 1754 audisti,
1064 1678 1223 1763 optimam

131 1792 277 1886 primum
292 1790 393 1866 dicit:
411 1795 522 1889 prima
536 1807 653 1867 autem
673 1819 830 1890 praesens
843 1809 907 1880 est,
921 1793 1063 1887 quando
1079 1795 1112 1862 in
1130 1816 1218 1885 prae-

136 1915 248 1987 teritis
259 1926 385 2011 praeter
397 1919 596 1988 memoriam
613 1918 658 1988 nil
668 1918 847 2001 habemus,
860 1937 973 2009 neque
986 1917 1218 2007 impossilium

133 2040 342 2111 consultatio
366 2041 433 2110 ulla
458 2050 528 2110 est:
557 2042 590 2109 in
616 2041 740 2111 tuturis
766 2039 849 2110 nibil
874 2047 1003 2132 praeter
1027 2040 1214 2131 augurium

134 2170 171 2231 et
189 2138 265 2256 spei
282 2162 412 2234 fallacis
431 2161 627 2243 illecebras3
647 2171 685 2231 ut
702 2162 773 2232 sint
789 2183 892 2255 parcs
910 2161 944 2230 in
971 2161 1114 2254 reliquis
1140 2163 1216 2234 baec

134 2294 171 2355 et
186 2285 440 2376 sequensdieS,
461 2284 555 2377 quod
576 2287 696 2355 sallem
716 2284 761 2357 sit
785 2286 851 2357 ista
875 2285 1085 2381 praesentior
1103 2309 1216 2379 eoque

135 2406 263 2481 certior
282 2408 402 2500 negari
423 2407 555 2500 nequit;
576 2421 612 2479 ct
629 2409 685 2480 illa
702 2432 913 2502 quamquam
931 2420 1079 2481 ventura
1096 2411 1215 2502 utiquc

133 2550 201 2605 uos
223 2552 269 2603 au
294 2531 477 2603 inventura
503 2529 549 2600 sit
571 2529 731 2616 dubium;
754 2533 829 2604 haec
849 2544 944 2605 certe
969 2554 1049 2603 cum
1075 2530 1212 2602 abierit:

134 2642 204 2725 ndu
225 2651 362 2727 redibit
382 2650 472 2737 Quid
489 2673 629 2746 semper
646 2654 803 2728 absentia
821 2656 1036 2748 quaerimus‘?
1054 2656 1215 2724 Praesen-

136 2775 183 2849 tia
201 2777 484 2870 complectamur,
499 2796 567 2845 neu
581 2775 680 2847 nobis
694 2778 860 2849 inutiliter
872 2777 1015 2865 effluant
1031 2773 1213 2845 enitamur.

134 2894 173 2969 tu
185 2916 264 2967 cum
276 2894 441 2969 omuibus
456 2894 548 2975 utile,
563 2893 622 2966 tibi
639 2879 873 2968 necessarium
889 2894 989 2978 adeo,
1005 2893 1130 2976 Caesar,
1145 2905 1212 2978 est,

133 3030 171 3091 ut
184 3019 262 3091 sine
274 3019 340 3093 boc
354 3014 568 3115 quantalibet
584 3018 755 3090 industria
768 3038 830 3087 seu
848 3016 977 3084 virtuto
992 3015 1212 3085 rationarium

133 3139 267 3233 imperii
287 3162 358 3215 uon
376 3138 551 3213 absolves.
575 3139 619 3209 Et
636 3138 702 3223 cui,
725 3137 872 3229 inquies,
892 3136 1058 3209 rationem
1081 3139 1212 3231 imperii

132 3261 336 3335 redditurus
357 3262 460 3335 sum?
475 3259 561 3342 Tibi,
585 3260 718 3344 Caesar,
738 3259 814 3353 ipsi,
836 3280 941 3352 quam
969 3281 1037 3329 non
1055 3258 1210 3331 dubitem

131 3383 216 3475 quin
234 3394 304 3456 ute
321 3402 414 3478 stopo
428 3382 564 3474 exigas.
579 3382 702 3453 Parum
720 3381 809 3452 dura
827 3380 885 3452 tibi
899 3381 1040 3453 videtur
1052 3382 1212 3454 exactio‘l

132 3504 232 3574 Nulla
252 3528 360 3597 quam
374 3506 428 3577 sui
446 3504 556 3598 ipsius
571 3503 758 3599 increpatio
773 3504 900 3589 acrior,
917 3507 1009 3576 nulla
1028 3503 1211 3574 salubrior.

131 3623 221 3704 Quin
242 3637 277 3697 ct
299 3625 379 3698 huic
399 3628 493 3699 aetati
513 3648 594 3721 quae
617 3639 648 3699 te
669 3626 830 3721 suspicit,
850 3641 884 3700 ol
902 3631 935 3699 in
954 3641 987 3699 tc
1006 3651 1110 3697 unuin
1131 3648 1212 3699 ocu-

131 3744 183 3812 los
205 3746 343 3831 defixit,
365 3759 402 3821 et
422 3749 648 3844 sequentibus
674 3751 826 3833 saeculis,
849 3770 998 3842 quorum
1019 3759 1055 3818 et
1078 3749 1212 3819 diutur-

130 3863 228 3933 niora
253 3883 358 3942 erunt
378 3881 414 3943 et
434 3870 595 3944 liberiora
620 3871 763 3956 iudicia,
791 3871 930 3944 demum
957 3882 992 3939 el
1014 3869 1211 3964 imperatori

129 3984 176 4052 illi
198 3995 330 4058 aterno
351 3995 411 4083 qui
435 3996 515 4069 huic
536 3995 711 4090 temporali
733 3994 879 4085 imperio
899 4004 931 4062 lc
950 3994 1115 4084 praelecit,
1141 4014 1210 4061 non

130 4116 167 4177 ut
187 4108 328 4191 solium,
351 4137 422 4187 non
444 4129 483 4191 ut
503 4131 692 4214 sceptrum,
710 4138 779 4188 non
799 4125 836 4188 ut
857 4113 991 4206 imperii
1009 4114 1137 4187 nudum
1150 4136 1212 4185 no·
