2670 4688
205 244 242 303 52
537 256 578 304 Illi
599 254 699 306 REBUS
719 254 940 305 adnullamus

204 396 266 467 sed
292 394 383 464 ultro
407 395 511 465 etiam
536 391 690 466 oblatum
721 393 751 465 si
780 394 982 487 reciperem,
1015 402 1054 464 ut
1086 390 1192 465 modo
1217 414 1284 468 ras

204 531 300 601 sunt,
322 528 357 590 ει
377 539 490 590 mores
511 518 643 589 ordinis
664 518 772 602 illius,
795 515 988 590 abscissum
1016 513 1131 609 gladio
1154 526 1193 588 et
1216 540 1286 591 ru-

203 638 296 712 henli
315 640 485 732 sanguine
505 639 683 713 madidum
700 649 806 733 caput
821 640 976 735 perdam.
998 640 1109 712 Crede
1125 638 1228 725 mihi,
1248 643 1284 714 si

203 763 297 854 quod
317 763 352 834 in
370 762 470 836 terris
491 774 548 835 est
567 762 655 846 veri,
675 763 741 833 hoc
759 782 896 846 verum,
916 762 1004 846 sive,
1025 773 1063 833 ut
1080 762 1284 856 emphatice

201 882 362 969 dixerim,
385 885 515 958 veritas
532 886 609 978 ipsa
630 895 695 954 εει.
718 881 819 968 Quod
836 883 915 957 ideo
940 886 990 958 sic
1015 884 1179 957 ardenter
1202 887 1284 961 dis-

203 1007 307 1088 serui,
331 1018 369 1079 ut
388 1028 569 1101 nunquam
588 1005 734 1101 posthac
753 1007 811 1078 vel
830 1024 893 1098 pro
919 1008 978 1078 tali
1002 1007 1057 1078 vel
1083 1028 1147 1100 pro
1171 1008 1283 1081 simili

202 1150 309 1201 causa
330 1128 485 1201 lahorem
507 1128 663 1199 inutilem
686 1129 742 1201 vel
763 1138 801 1199 tu
827 1130 884 1200 vel
909 1128 968 1199 alii
992 1130 1130 1223 capiant
1149 1133 1279 1207 amici:

202 1272 314 1343 neque
331 1272 415 1321 vero
432 1270 471 1320 se
488 1250 637 1342 repulsis
655 1250 820 1323 obiiciant
839 1273 902 1344 pro
918 1273 961 1325 eo
977 1250 1072 1345 quod
1089 1253 1120 1324 si
1136 1252 1282 1345 ingere-

201 1384 298 1444 retur
313 1372 511 1455 abiicerem,
526 1370 701 1466 quodque,
716 1376 746 1445 si
761 1373 953 1456 meministi,
968 1386 1049 1446 ante
1062 1396 1173 1447 annos
1188 1374 1282 1450 duo·

203 1494 327 1579 decim,
344 1491 485 1587 quando
497 1506 533 1566 ει
546 1494 670 1580 iunior,
689 1506 725 1566 et
738 1495 866 1569 laboris
879 1497 1078 1591 patientior,
1093 1508 1129 1570 et
1140 1499 1281 1573 diarum

201 1615 331 1707 largior
347 1616 409 1703 lui,
431 1629 466 1689 ot
486 1617 593 1689 curiae
614 1628 743 1704 status,
764 1631 800 1691 ει
825 1617 1025 1712 pontificum
1050 1619 1152 1694 nobis
1176 1623 1281 1697 lavor

202 1739 305 1826 alius,
327 1738 497 1825 oblatum,
519 1741 641 1813 amicis
662 1743 741 1815 licet
759 1741 1036 1834 indignantibus,
1058 1765 1129 1817 nou
1148 1746 1279 1843 recepi.

202 1865 279 1950 Quo
298 1886 384 1958 ergo
404 1886 497 1937 nunc
516 1863 647 1949 animo,
670 1887 739 1957 qua
759 1863 828 1936 mei
852 1866 1039 1952 oblivione,
1065 1868 1134 1940 iam
1161 1872 1280 1945 senior

201 2010 384 2061 successor
398 1988 520 2059 alienae
534 1986 760 2059 solicitudinis
778 1985 853 2058 lieri
872 1990 987 2072 velim,
1001 2011 1113 2084 eoque
1126 1993 1280 2086 aspirem

202 2136 365 2206 quocum
379 2109 561 2183 honestius
576 2119 647 2181 tum
666 2109 859 2202 promptius
880 2113 1064 2203 pervenire
1084 2122 1180 2185 tanto
1196 2126 1282 2191 ante

201 2235 390 2329 potuerim,
405 2254 477 2327 quo
488 2233 545 2304 vel
559 2233 645 2303 alter
662 2253 852 2325 nunquam,
866 2232 933 2303 nisi
945 2255 1012 2326 ego
1028 2234 1077 2305 illi
1093 2235 1280 2326 cedebam,

201 2358 443 2452 pervenisset?
456 2356 545 2428 Sunt
556 2353 708 2447 quidem,
723 2354 841 2437 fateor,
855 2354 958 2429 otiosi
977 2378 1018 2429 ac
1035 2358 1210 2452 tranquilli
1228 2363 1283 2435 iu·

201 2500 327 2566 venes,
343 2478 504 2575 ‚occupati
527 2498 651 2550 senes:
672 2477 764 2550 sicut
789 2482 917 2552 multos
941 2500 1082 2573 quoque
1107 2481 1280 2571 vidimus,

201 2626 349 2696 quorum
362 2601 561 2675 castissima
574 2602 638 2674 luit
648 2598 898 2688 adolescentia,
920 2601 1106 2676 libidinosa
1122 2616 1158 2678 ει
1178 2606 1283 2681 lasci·

203 2726 304 2797 viens
322 2734 497 2797 senectus.
518 2723 567 2794 De
587 2723 734 2795 avaritia
752 2733 874 2795 notum
894 2734 950 2795 εει
966 2725 1139 2795 communi
1156 2744 1283 2801 senum

204 2853 275 2920 lere
291 2849 445 2921 omnium
474 2846 611 2932 morb03
638 2849 805 2918 iuvenum
832 2866 918 2917 vero
942 2866 1012 2917 non
1038 2845 1099 2932 ita,
1124 2848 1184 2941 qui
1208 2871 1283 2924 non

204 2985 301 3058 sunt,
323 2981 362 3042 ut
386 2971 435 3042 ait
458 2971 680 3051 Aristoteles,
708 2967 934 3060 pecuniarum
961 2979 1148 3042 amatores:
1175 2972 1282 3047 cuius

204 3095 297 3189 apud
317 3092 464 3166 eundem
491 3090 580 3164 ratio
604 3091 661 3161 illa
687 3101 741 3161 εει
766 3090 847 3182 quia
873 3090 1025 3162 nondum
1052 3093 1283 3185 indigentiam

203 3218 338 3314 experti
359 3231 450 3290 sunt.
473 3216 528 3286 An
549 3237 605 3287 me
623 3215 710 3285 lorte
727 3212 834 3306 igitur
853 3213 909 3284 his
927 3214 1098 3307 exemplis
1116 3215 1160 3286 de
1180 3217 1284 3309 quie-

205 3342 337 3412 lissimo
357 3341 484 3413 iuvene
504 3336 805 3411 laboriosissimun
828 3357 947 3407 senem
968 3335 1042 3407 ficri
1063 3337 1193 3410 vultis?
1217 3348 1284 3411 aut

206 3488 312 3538 unum
332 3486 380 3537 ex
400 3463 456 3533 his
475 3463 535 3556 qui
557 3462 631 3534 sani
658 3461 783 3543 iacent,
808 3462 894 3552 aegri
921 3458 1121 3532 ambulant:
1147 3471 1208 3531 aut
1231 3481 1282 3534 ex

205 3588 260 3658 his
281 3588 341 3679 qui
362 3587 443 3658 totis
464 3584 588 3656 diebus
611 3592 773 3668 stertunt,
789 3582 869 3654 totis
889 3581 1048 3656 noctibus
1061 3581 1283 3655 fabulantur?

205 3710 281 3779 Non
302 3732 379 3780 sum
396 3731 443 3781 ex
463 3708 529 3779 hoc
550 3728 670 3798 grege,
690 3704 1107 3788 Laeli;cuminomuibus
1122 3705 1281 3797 requiem

206 3830 447 3922 quaesiverim,
472 3831 561 3902 sicut
575 3830 739 3921 scriptum
753 3841 817 3914 est,
832 3840 867 3901 et
880 3852 957 3902 eam
973 3828 1018 3900 ah
1030 3830 1130 3900 annis
1149 3829 1281 3901 teneris

207 3972 318 4044 usque
330 3953 375 4023 ad
386 3953 533 4025 desidiae
548 3951 781 4043 suspicionem
801 3973 939 4047 semper
957 3953 1167 4036 amaverim,
1187 3973 1282 4023 nunc

208 4075 344 4167 ponitus
371 4075 453 4145 nihil
480 4096 612 4167 (quaero,
636 4073 720 4145 nihil
748 4095 825 4146 amo
850 4074 958 4151 aliud,
987 4073 1060 4146 sine
1085 4096 1154 4167 qua
1183 4075 1278 4145 nullu
