2670 4688
73 288 134 348 uiti
369 312 375 325 .
532 284 693 332 uiuiinmi

72 440 283 512 desiderium
311 457 425 505 meum
448 451 624 525 superare.
657 431 766 513 Quod
796 445 901 516 enim
940 452 1171 548 imprudenti,

74 560 233 655 peccatur
254 555 486 629 munificentia
506 575 574 624 non
595 568 806 632 excusatur.
837 567 945 644 vale·

216 731 357 784 breuiore
371 728 456 795 1369,
473 724 524 779 xii
539 723 599 777 Kal.
616 723 729 793 Aprilis

164 919 245 969 iibri.
261 918 342 978 Quum
354 917 379 966 io
392 914 616 1007 Arcbiriouliucum
628 912 826 969 Mantuanorum
841 935 985 989 mpetum
1003 934 1073 989 mc
1085 941 1168 1004 epm

71 1003 121 1051 ium
133 1000 243 1051 ediderit
252 999 375 1048 Antonius
390 997 551 1047 possevimus
562 1008 577 1045 e
587 993 643 1043 Soc.
658 992 857 1063 immeritique
866 1010 947 1069 operi
958 1025 1011 1064 suo
1020 1017 1052 1066 (ii
1061 1018 1166 1071 pem

71 1081 190 1139 rediriro)
202 1080 337 1131 inseruerit
348 1078 506 1137 Tomisinus,
517 1089 566 1126 nos
577 1074 653 1126 etium
660 1073 716 1124 utils
725 1085 923 1137 recensendum
935 1091 1066 1149 unximus
1074 1115 1082 1149 ε
1090 1113 1166 1166 umn-

71 1163 110 1214 ris
124 1162 235 1213 indubiis
249 1160 504 1249 ineluctabilibusque
515 1153 667 1244 argumentis
682 1159 857 1247 apocrypham
874 1179 939 1220 esre
957 1172 987 1222 1„
1001 1189 1063 1243 mv,
1078 1183 1100 1242 ς,
1111 1181 1164 1245 3¹3

72 1244 128 1296 lib.
141 1246 164 1304 i,
173 1243 237 1294 iiist.
251 1242 337 1292 litter.
353 1241 444 1290 iamdiu
457 1240 667 1289 demonstraverit
678 1235 871 1295 imbumuius.

492 1648 670 1713 uuisioni
692 1647 723 1709 ll.

121 1816 315 1868 ritiuciscus
337 1815 506 1866 Purniitcit
529 1814 663 1866 zedemo
685 1813 726 1862 DE
748 1811 875 1864 sritibit
899 1821 1118 1884 FLOREN'mto

545 1917 571 1965 S.
593 1918 621 1966 Ρ.
643 1916 673 1964 Ι).

109 2057 288 2116 Homericum
303 2060 506 2130 fragmentum,
522 2065 550 2114 ei
564 2076 622 2114 suae
635 2058 779 2113 cuiusdam
793 2057 927 2130 spiculo
942 2070 1120 2138 pensionum

116 2160 117 2163 ’
434 2163 465 2203 se
478 2147 629 2202 missurum
645 2146 788 2218 promittit.

163 2393 218 2464 Ad
238 2415 280 2466 ea
297 2413 379 2489 qum
399 2389 524 2465 scribis
545 2388 643 2463 brevi
664 2411 843 2483 responso,
867 2391 901 2460 ui
923 2397 1045 2488 fallor,
1067 2429 1155 2502 opus

61 2523 129 2582 est.
152 2514 188 2586 ln
211 2521 334 2614 primis
356 2517 525 2611 suspicari
547 2517 641 2588 nullo
667 2514 770 2586 modo
790 2511 968 2588 debueras
993 2524 1043 2596 ad
1070 2533 1155 2603 ami·

61 2650 139 2717 cos,
167 2662 259 2731 quos
280 2645 315 2714 iii
342 2642 451 2734 patria
476 2638 559 2711 milii
586 2638 787 2711 carissimos
816 2656 857 2707 ec
882 2642 1090 2730 praedulcos
1116 2652 1154 2723 il·

61 2749 176 2826 lorum
217 2765 329 2835 virtus
357 2776 393 2835 et
425 2765 585 2835 meritum
619 2764 719 2846 iecit,
754 2761 941 2833 familiares
979 2772 1152 2860 epistolas

55 2867 215 2959 dictanti,
241 2891 337 2952 tunm
360 2907 485 2956 nomen
506 2884 670 2956 excidere
696 2864 860 2977 notuisse.
876 2885 1034 2962 Necdum
1056 2899 1151 2971 enim

53 2996 115 3055 ant
141 3000 238 3065 tanta
261 3002 430 3088 segnities
465 3005 617 3086 incessit,
653 3018 713 3076 aiii
744 3020 866 3099 pectus
897 3007 963 3079 boc
994 3010 1044 3086 de
1079 3030 1150 3095 inm

52 3100 150 3235 lluxs
178 3102 347 3190 memoria
371 3126 562 3196 amicorum
590 3127 657 3198 sibi
687 3127 786 3221 fingit
810 3129 994 3221 imagines.
1022 3137 1151 3219 Amice

52 3236 160 3311 igitur
178 3236 308 3324 iecisti,
326 3254 362 3314 et
384 3255 422 3314 ut
443 3268 500 3318 res
520 3248 639 3321 decuit
659 3274 755 3337 vere,
782 3253 875 3347 quod
901 3275 1044 3332 omnem
1072 3270 1150 3340 cul-

50 3360 129 3429 pam
152 3350 187 3419 in
210 3361 372 3432 nuntium
388 3367 570 3443 reduxisti.

149 3471 374 3552 Homericum
396 3487 498 3574 illud,
518 3514 563 3563 ne
579 3494 733 3584 dubites,
748 3502 879 3574 initiam
893 3523 971 3572 cum
987 3504 1145 3599 primum

47 3583 195 3658 facultas
223 3596 384 3674 adiuerit.
411 3607 587 3686 Caeterum
613 3643 660 3691 ex
686 3644 729 3694 eo
762 3636 915 3718 tempore
947 3628 1145 3712 Parmense

45 3697 280 3797 domicilium,
324 3734 359 3790 ot
393 3748 501 3817 quam
533 3736 589 3807 ille
620 3764 711 3816 nunc
744 3747 860 3819 incolit
888 3746 1141 3832 bibliothecam

44 3824 200 3892 nostram
224 3853 294 3904 non
318 3843 438 3915 revisi.
457 3849 552 3927 Scito
569 3857 817 3940 brevissimum
835 3890 923 3962 opus
939 3892 1031 3956 esse,
1048 3897 1144 3969 quo·

43 3958 110 4034 quo
131 3941 267 4081 lucilius
285 3958 331 4027 ad
353 3966 592 4065 scribendum,
615 4007 658 4055 eo
683 3992 891 4064 laboriosius
908 3995 953 4064 ad
974 4017 1142 4087 quaeren-

43 4063 123 4135 ilum
147 4092 156 4152 χ
171 4067 234 4139 sed
263 4071 355 4152 bano
382 4087 442 4159 tibi
469 4093 583 4174 libens
608 4105 763 4185 divinum
796 4136 937 4207 operam
972 4118 1132 4213 dictabo,
