2834 5086
175 690 226 735 μ,
629 668 787 720 ranuntn

163 852 197 901 :rr
235 846 263 887 <z
302 836 430 885 :namn
464 811 626 883 omnihus
657 832 807 883 annuam
840 812 973 883 litteras
1004 810 1048 883 ad
1074 821 1109 882 te
1141 830 1248 881 meas

306 952 366 1007 :uas
408 948 461 1005 sat
487 936 615 1027 negotii
644 957 749 1005 unum
777 935 842 1007 hoc
876 934 936 1006 tibi
971 937 1154 1005 allaturum
1184 932 1246 1003 sit.

163 1082 202 1148 ’ῥ-
295 1076 407 1133 netem
436 1056 542 1128 labori
571 1070 644 1136 tuo.
672 1080 776 1152 pareo
800 1069 836 1129 et
861 1082 952 1141 meo,
985 1070 1021 1129 et
1052 1057 1097 1128 ad
1130 1057 1247 1127 multa

173 1214 221 1269 :r-
255 1204 363 1251 arras.
386 1180 451 1250 hoc
473 1182 506 1251 in
529 1204 567 1252 re
586 1182 759 1254 difficilem
781 1184 886 1251 immo
906 1177 1155 1252 inexorabilem
1183 1200 1247 1249 me

171 1324 316 1377 aaron
340 1302 406 1371 uisi
428 1304 483 1374 his
505 1306 588 1378 solis
608 1326 696 1397 quos
718 1306 802 1375 milri
826 1307 882 1375 rel
910 1304 1020 1374 virtus
1042 1302 1098 1372 t'el
1118 1301 1247 1393 siugu—

173 1460 202 1503 ι..
269 1426 417 1499 amicitia
440 1429 609 1499 conciliat.
641 1430 794 1521 Utroque
815 1447 898 1498 tero
920 1428 1062 1497 latorem
1084 1442 1247 1517 praeseu·

180 1582 249 1623 ...n
272 1550 470 1621 allidentem
504 1552 645 1622 noveris
670 1551 711 1619 tt.
738 1554 850 1623 virum
879 1547 1107 1620 scientificum
1133 1558 1245 1639 atque

176 1684 364 1751 terrestrum,
386 1684 421 1743 et
443 1674 524 1742 mihi
552 1676 616 1744 has
637 1674 683 1745 ob
704 1695 829 1744 causas
851 1684 953 1765 atque
976 1672 1147 1763 insignem
1168 1692 1246 1743 mo-

169 1822 241 1867 ··.rrn
256 1792 473 1875 suauitatem,
492 1817 561 1886 qua
579 1794 739 1875 delector,
754 1794 1045 1886 acceptissimum.
1061 1792 1160 1863 Hune
1181 1791 1245 1863 tibi

166 1918 297 1991 „ludum
328 1916 593 1986 commendasse
615 1940 746 1988 memor
767 1939 862 2001 sum,
883 1927 918 1988 et
941 1918 1016 2010 ipse
1045 1927 1117 1986 tuae
1143 1914 1246 1986 beni-

167 2038 307 2135 gnitatis
331 2058 372 2107 uc
397 2039 537 2109 virtutis
568 2062 682 2134 praeeo
716 2042 851 2132 ingens,
880 2039 962 2109 milri
986 2036 1244 2123 senonicam

168 2162 243 2233 ubi,
266 2170 361 2228 tuum
383 2160 430 2230 ob
450 2161 609 2233 meritum
633 2176 799 2257 perpetuo
823 2161 1014 2253 obligatum
1036 2163 1111 2231 lert.
1140 2158 1247 2232 Nunc

168 2290 252 2359 tinto
272 2281 350 2352 aliis
366 2304 413 2353 ex
430 2286 561 2368 causis,
584 2286 646 2357 sed
667 2299 705 2357 ut
726 2307 818 2367 reor,
838 2285 916 2356 lieet
933 2285 997 2356 hoc
1015 2296 1139 2366 taceat,
1157 2284 1245 2377 quia

167 2428 258 2481 uirus
290 2417 346 2477 est
370 2430 417 2477 ex
451 2409 586 2478 illorum
621 2411 711 2493 acie,
739 2429 887 2500 quorum
922 2409 1033 2478 rirtus
1066 2407 1170 2478 malis
1205 2430 1248 2481 ao

167 2550 300 2600 urorum
319 2529 506 2601 diversitas
527 2529 686 2602 odiosum
709 2532 802 2611 iacit,
830 2531 963 2602 studuit
991 2529 1248 2625 aliquantisper

169 2652 380 2747 peregrinari
411 2674 430 2721 a
457 2654 581 2746 patria,
612 2668 648 2725 et
678 2667 810 2726 tentare
831 2655 859 2725 si
881 2677 950 2747 qua
975 2652 1038 2723 sibi
1061 2673 1140 2723 sors
1160 2652 1246 2725 alibi

166 2775 365 2871 prosperior
402 2778 501 2847 soret.
536 2778 789 2849 Recommendo
827 2800 907 2849 oum
946 2775 1006 2847 tibi
1040 2778 1166 2846 iterum
1202 2798 1247 2851 eo

166 2898 294 2973 arctius
327 2921 399 2992 quo
433 2903 505 2971 sola
540 2901 619 2971 olim
654 2906 744 2972 lama
772 2924 862 2972 nuno
887 2900 1103 2993 experientia
1137 2910 1247 2971 notus

166 3025 307 3115 insuper
328 3036 361 3095 et
382 3024 542 3107 dileotuS,
567 3035 647 3095 tune
667 3024 799 3095 amicus
819 3024 1022 3105 amicorum,
1045 3044 1137 3093 nune
1155 3044 1245 3095 vero

166 3146 397 3216 amicissimus
416 3147 497 3216 mihi
516 3160 578 3229 est,
593 3147 685 3239 qnod
700 3170 767 3219 non
784 3158 889 3230 esset,
905 3146 970 3216 nisi
990 3148 1090 3217 telem
1110 3146 1242 3219 scirem

165 3271 302 3360 qualem
323 3267 410 3339 dico.
434 3269 467 3337 Si
491 3269 555 3340 sibi
575 3292 658 3361 ergo
678 3271 732 3340 rol
750 3292 815 3362 opo
833 3272 888 3339 vel
907 3270 1051 3340 consilio
1069 3268 1242 3360 prodesse

166 3404 274 3484 potes
298 3400 330 3461 te
352 3391 432 3462 hinc
456 3393 531 3462 viro
558 3391 649 3463 hono
671 3392 739 3462 imo
758 3392 886 3485 optimo
908 3395 1134 3483 profuturum,
1158 3392 1244 3465 hino

165 3513 257 3595 milri,
285 3515 339 3585 oui
366 3536 504 3609 semper
526 3517 651 3608 places,
678 3514 806 3584 eximie
826 3515 1031 3608 placiturum
1062 3514 1162 3585 scito.
1189 3516 1244 3587 De

165 3658 221 3706 me
247 3636 274 3707 si
302 3638 386 3730 quid
413 3659 517 3709 nosse
541 3636 703 3719 uolueris,
726 3636 800 3729 ipse
829 3636 932 3707 dicet.
962 3638 1011 3706 De
1040 3635 1116 3706 aliis
1143 3636 1240 3709 enim

165 3761 296 3851 pridem
331 3761 432 3833 latius
466 3761 603 3853 scripsi,
638 3769 672 3829 et
704 3781 910 3855 responsum
947 3773 1041 3831 tuum
1074 3770 1240 3852 expecto.

167 3883 258 3954 l'ale.

307 4031 420 4100 Padum,
440 4030 527 4085 xxvt
543 4029 716 4097 Nouembris,
731 4046 821 4085 mane.
