2670 4688
293 307 385 356 LlBEli
406 305 570 357 vlcnslltus
591 306 979 361 sucuuuus.-uetsu0ta
1001 312 1032 360 tl.
1145 296 1203 359 125

124 483 188 533 nec
207 482 285 532 cum
308 461 487 531 Lucretio:

280 623 357 687 llvia
373 625 531 688 Pieridum
547 638 676 702 peragro
693 623 757 686 loca
774 622 887 686 nullius
904 631 972 686 ante

283 724 365 786 Trita
382 722 462 786 solo:

124 881 194 952 Nec
214 904 292 952 cum
315 881 481 973 Virgilio:

285 1091 413 1107 .....
434 1043 520 1107 luval
537 1042 583 1106 ire
600 1044 680 1123 iugis
698 1061 758 1125 qua
774 1044 854 1108 nulla
870 1048 1013 1126 priorum

283 1141 442 1206 Castaliam
458 1143 540 1204 molli
558 1143 724 1205 divertitur
741 1143 840 1206 orbita
856 1143 946 1207 clivo.

124 1298 216 1384 Quid
232 1300 343 1390 ergo?
359 1299 441 1369 Sum
460 1319 565 1391 quem
584 1298 736 1391 priorum
756 1299 927 1385 semitam,
947 1297 1096 1371 sednon
1115 1321 1207 1371 sem-

124 1444 187 1515 per
201 1423 313 1493 aliena
325 1423 476 1512 vestigia
491 1421 591 1512 sequi
605 1422 711 1492 iuvet.
731 1423 815 1491 Sum
829 1423 889 1514 qui
901 1423 1048 1493 aliorum
1067 1421 1207 1514 scriptis

124 1565 194 1615 non
210 1544 327 1615 lurtim
347 1542 409 1615 sed
426 1543 584 1636 precario
603 1543 650 1613 uti
669 1543 774 1614 velim
792 1545 827 1614 in
845 1554 1011 1639 tempore,
1037 1546 1100 1616 sed
1122 1545 1207 1617 dum

124 1665 235 1750 liceat,
258 1666 345 1737 meis
367 1666 493 1737 malim.
517 1667 601 1737 Sum
623 1687 728 1758 quem
747 1666 937 1737 similitudo
954 1667 1119 1753 delectet,
1138 1689 1208 1740 non

124 1788 305 1871 identitas,
327 1800 363 1860 et
383 1787 572 1860 similitudo
592 1788 668 1882 ipsa
688 1810 829 1881 quoque
849 1811 919 1860 non
939 1790 1061 1874 nimia,
1084 1789 1118 1859 in
1140 1812 1209 1881 qua

126 1911 289 2001 sequacis
309 1913 373 1980 lux
393 1909 521 2001 ingenii
539 1911 698 1992 emineat,
718 1931 787 1981 nou
806 1910 948 1981 coecitas
970 1931 1039 1981 nou
1059 1932 1209 2003 pauper-

129 2040 194 2104 tas.
213 2035 297 2103 Sum
319 2033 380 2126 qui
401 2033 510 2103 satius
532 2041 611 2104 rear
630 2033 720 2105 duce
738 2033 907 2117 caruisse,
925 2055 1028 2125 quam
1050 2033 1127 2123 cogi
1149 2054 1210 2125 per

125 2157 241 2228 omnia
269 2155 395 2228 ducem
422 2157 533 2248 sequi.
562 2137 648 2228 Nolo
673 2155 797 2227 ducem
823 2156 884 2249 qui
909 2177 965 2227 me
991 2155 1122 2226 vinciat
1146 2153 1210 2226 sed

125 2278 323 2370 praecedat:
346 2279 415 2350 sint
435 2302 515 2349 cum
535 2279 626 2349 duce
646 2279 753 2363 oculi,
776 2277 820 2348 sit
839 2277 1019 2360 iudicium,
1042 2279 1089 2350 sit
1107 2275 1211 2349 liber-

127 2408 204 2480 las;
229 2418 297 2467 non
318 2396 504 2487 prohibear
524 2396 583 2465 ubi
603 2399 708 2466 velim
733 2398 857 2489 pedem
874 2419 1005 2492 ponere
1031 2407 1067 2468 et
1085 2407 1212 2491 praete-

129 2518 199 2586 rire
220 2517 347 2604 aliqua,
369 2524 405 2583 et
426 2515 606 2583 inaccessa
627 2525 772 2599 tentare,
792 2525 828 2585 et
846 2516 1053 2600 breuiorem,
1073 2517 1147 2586 sive
1164 2516 1212 2588 ita

129 2636 195 2705 lert
228 2635 375 2719 animno,
397 2633 588 2729 planiorem
614 2635 735 2705 callem
761 2635 874 2728 sequi,
906 2647 941 2707 et
965 2658 1152 2730 properare
1177 2645 1214 2706 et

129 2754 322 2828 subsistere
342 2769 377 2828 et
401 2756 577 2829 divertere
604 2757 716 2840 liceat,
745 2768 780 2830 et
806 2759 945 2830 reverti.
973 2758 1043 2831 Sed
1068 2759 1211 2831 nimium

127 2900 248 2971 vagor,
277 2881 421 2952 nimium
442 2879 619 2952 distrahor
642 2879 690 2952 ab
708 2903 750 2953 eo
775 2882 871 2974 qnod
891 2881 1098 2955 hodiernum
1124 2893 1210 2953 erat.

126 3005 191 3075 Est
210 3004 343 3075 decima
363 3004 508 3099 pastorii
528 3003 692 3076 carminis
711 3005 861 3097 Egloge,
884 3007 985 3078 cuius
1006 3005 1157 3099 quadam
1178 3004 1212 3071 in

128 3135 227 3218 parte
246 3127 294 3197 ita
316 3126 546 3221 scripseram:
567 3129 648 3197 solio
664 3127 813 3197 sublimis
829 3148 973 3197 oaorem:
991 3123 1211 3219 postmodum

129 3267 216 3318 vero
241 3247 324 3317 dum
346 3249 559 3339 relegeretur
584 3247 717 3319 attendi
738 3241 851 3320 simile
870 3248 975 3319 nimis
999 3267 1080 3319 esse
1100 3245 1213 3336 Virgi-

130 3369 221 3440 liano
241 3367 395 3438 carmini.
417 3369 476 3439 llle
497 3369 588 3439 enim
610 3344 713 3468 aitin
735 3369 882 3476 septimo
902 3369 1012 3442 divini
1032 3368 1171 3462 operis;

451 3549 595 3630 Solisque
611 3552 719 3614 invitat
736 3567 856 3614 acerno.
933 3558 936 3563 ‘

131 3734 283 3807 lllutabis
304 3756 400 3827 ergo,
426 3745 462 3805 et
482 3736 558 3807 loco
583 3735 675 3806 illius
695 3755 805 3829 pones
825 3735 894 3806 ita:
922 3734 1028 3806 caede
1053 3736 1213 3808 emendus

132 3881 278 3929 uruca:
305 3858 445 3930 omnino
465 3859 559 3929 enim
586 3879 747 3931 acernam
773 3879 852 3930 esse
877 3856 998 3930 sedem
1024 3859 1121 3930 volui
1146 3861 1212 3931 llo-

133 3982 224 4051 mani
245 3981 398 4075 lmperii,
426 4002 505 4052 cum
526 4000 639 4073 equus
665 3980 801 4051 Troiani
828 3980 956 4054 excidii
980 3983 1073 4075 apud
1097 3982 1210 4075 ipsum

132 4102 314 4191 Virgilium
350 4104 395 4176 sit
420 4124 592 4189 acernus3
618 4114 657 4174 ut
681 4103 772 4176 sicut
795 4103 829 4174 iu
856 4104 1055 4196 theologicis
1080 4105 1211 4195 lignum
