2670 4688
277 292 370 340 tinen
392 290 557 339 v1cns1nus
579 291 967 342 secuuous-umsroun
988 295 1050 343 xlv.
1120 339 1121 343 ,
1146 280 1200 341 lll

125 444 259 519 natum,
281 435 342 528 qui
363 434 511 506 dictator
531 433 693 518 lllinutio,
712 435 806 528 quod
829 458 868 506 se
886 449 989 530 atque
1009 436 1203 508 exercitum

124 562 316 632 Romanum
337 558 490 632 obsideri
509 558 554 628 ab
575 556 736 629 hostibus
764 559 858 651 apud
884 559 1048 651 Algidum
1075 580 1204 653 passus

124 695 211 768 erat,
250 685 469 754 consulatum
507 681 667 761 abstulit;
704 690 741 751 ut
781 681 1004 774 Calpurnium
1041 682 1203 754 Pisonem

125 805 264 890 sileam,
295 806 355 897 qui
390 805 512 874 consul
538 805 741 895 praelectum
776 803 950 894 equitum,
985 802 1078 895 quod
1110 826 1207 876 arma

125 927 284 999 hostibus
302 928 511 1010 tradidisset,
528 927 626 996 vario
638 925 925 997 contumeliarum
946 947 1073 1016 genere
1090 927 1206 998 delor-

124 1061 270 1133 matum,
294 1051 441 1122 succisis
463 1059 554 1142 togae
576 1049 728 1135 laciniis,
751 1049 959 1143 discinctum
981 1050 1083 1121 nudis
1108 1051 1206 1143 pedi·

123 1173 190 1244 bus
212 1197 233 1245 a
253 1195 355 1245 mane
374 1174 419 1246 ad
440 1195 626 1266 vesperam
648 1175 774 1245 adesse
795 1174 839 1245 od
859 1174 1006 1266 primam
1021 1175 1131 1245 aciem
1145 1196 1207 1268 per

124 1316 227 1367 omne
241 1296 373 1367 militiae
389 1309 526 1389 tempus
548 1297 665 1381 iussit,
684 1298 796 1388 utqui
809 1296 902 1368 omni
917 1298 992 1370 iure
1008 1295 1204 1389 sanguinis,

124 1441 194 1510 quo
215 1421 400 1510 prefectus
422 1420 469 1490 illi
492 1420 632 1490 vinctus
653 1429 737 1498 erat,
762 1421 930 1512 potiorem
953 1419 1098 1492 duceret
1124 1439 1205 1490 esse

123 1541 370 1634 rempublicam
397 1552 502 1635 atque
535 1539 798 1614 observantiam
831 1545 1035 1615 militarem:
1070 1554 1110 1615 ut
1141 1542 1206 1614 hos
1288 1594 1289 1597 ,

125 1685 211 1755 ergo
237 1667 789 1760 praete1·eam,omittendusnon
817 1677 872 1738 est
901 1668 997 1758 rigor
1015 1667 1207 1739 acerrimus

124 1787 239 1857 lllanlii
259 1787 439 1879 Torquati,
460 1787 518 1878 qui
543 1785 651 1856 filium
672 1808 761 1857 rarae
781 1788 920 1870 indoliS,
938 1787 1032 1880 quod
1051 1787 1208 1857 iniussus

124 1910 158 1978 in
185 1909 322 1979 hostem
355 1918 591 2001 pugnaverat,
625 1909 788 2000 quamvis
819 1909 961 2000 egregie
994 1908 1207 2000 feliciterque

124 2041 333 2123 pugnasset,
357 2032 499 2103 occidit:
526 2054 659 2124 parque
679 2031 846 2102 Postumii
865 2030 1025 2114 Tiburtii,
1046 2028 1093 2101 ob
1111 2049 1208 2100 earn·

124 2153 203 2225 dem
225 2175 367 2224 causam
391 2155 424 2224 in
447 2153 554 2224 filium
577 2177 717 2247 qnoque
740 2153 872 2249 imperii
900 2153 1088 2224 severioris
1114 2162 1207 2223 atro·

125 2278 225 2361 citas,
248 2298 459 2369 quamquam
484 2276 588 2346 huius
615 2276 778 2348 incertior
805 2280 893 2347 lama
921 2277 976 2348 sit.
1003 2276 1074 2346 Nec
1098 2276 1207 2346 multo

126 2398 266 2468 inferior
292 2396 417 2486 Papirii
445 2397 607 2466 Cursoris
634 2399 839 2480 acrimonia,
868 2399 933 2468 nisi
959 2396 1055 2490 quod
1077 2419 1144 2468 non
1171 2397 1205 2466 in

126 2518 234 2587 lilium
249 2517 383 2586 exarsit
401 2516 464 2584 sed
483 2519 515 2585 in
535 2519 701 2599 Quintum
720 2516 863 2586 Fabium
883 2519 1088 2608 magistrum
1108 2519 1207 2611 equi-

128 2650 215 2722 tum,
238 2660 341 2732 quem
371 2637 535 2719 dictator,
563 2637 655 2728 quod
677 2638 814 2732 iniussu
843 2639 920 2707 eins
947 2639 1100 2730 alioquin
1128 2662 1208 2732 pro-

128 2783 230 2854 spere
261 2783 302 2831 ac
335 2773 476 2831 strenue
496 2759 730 2844 decertasset,
751 2762 864 2830 securi
895 2761 997 2833 scrire
1026 2761 1153 2848 voluit,
1171 2775 1206 2834 et

125 2885 278 2967 fecisset,
297 2885 333 2954 ni
354 2894 556 2978 conceptam
584 2885 807 2955 severitatem
827 2885 937 2978 pietas
955 2883 1094 2980 publica
1121 2897 1207 2957 tem·

125 3019 302 3100 perassct,
324 3019 360 3079 et
380 3013 449 3078 non
470 3007 617 3100 insignis
641 3008 688 3078 rei
716 3007 828 3077 virtus
855 3017 915 3078 ant
940 3007 1110 3100 dignitas,
1137 3031 1205 3080 non

127 3129 369 3200 tumultuantis
388 3140 502 3200 metus
519 3130 710 3211 exercitus,
733 3150 798 3198 non
815 3129 965 3219 longaevi
980 3131 1088 3220 patris
1106 3130 1208 3199 lacri-

127 3272 211 3334 mae,
233 3273 302 3320 non
324 3265 466 3323 senatus
488 3253 688 3336 auctoritaS,
712 3253 775 3323 sed
797 3253 881 3323 solae
900 3252 944 3323 ed
959 3253 1116 3322 ultimum
1130 3251 1207 3344 'piae

127 3394 250 3469 preces
282 3374 400 3464 populi
433 3373 575 3444 Romani
614 3372 868 3444 nobilissimum
903 3395 945 3445 ac
980 3374 1206 3445 fortissimum

127 3499 384 3570 adolescentem
417 3494 462 3566 ab
490 3497 628 3567 interitu
662 3497 878 3569 liberassent.
911 3485 1090 3567 Noverant
1123 3516 1208 3567 sane

129 3634 197 3691 tam
223 3613 395 3689 difficilem
423 3628 491 3688 tam
519 3617 734 3688 tremendam
765 3620 830 3689 hoc
856 3619 944 3690 duce
971 3618 1140 3701 militiam,
1168 3629 1208 3690 ut

128 3754 295 3836 perpetuo
313 3739 432 3812 labore
450 3761 490 3810 ac
508 3749 603 3809 metu
621 3761 767 3832 corpora
789 3741 934 3810 militum
953 3751 1058 3832 atque
1071 3741 1207 3812 animos

127 3876 307 3949 attereret,
323 3874 441 3956 atque,
461 3862 556 3956 qood
573 3871 626 3931 est
639 3863 732 3956 apud
747 3864 895 3947 Livium,
911 3864 1096 3956 aliquando
1110 3864 1206 3936 ausis

127 3989 303 4082 equitibus
325 3988 425 4058 abeo
440 3995 606 4081 peterent
624 3985 689 4055 sibi
709 4007 821 4079 prore
839 3986 929 4057 bene
948 3997 1048 4077 gesta
1071 3991 1206 4059 laxaret

129 4111 257 4204 aliquid
285 4111 428 4198 laboris,
453 4111 502 4183 sic
522 4109 698 4184 illuderet:
724 4132 766 4180 ne
791 4110 875 4180 citit
899 4107 1068 4183 dimissum
1092 4110 1207 4182 dicatis
