2670 4688
531 300 684 348 uursrotn
706 300 771 346 run.
1121 282 1179 343 :litt

99 453 274 534 miserias,
288 470 423 543 quosve
438 447 576 518 labores
598 446 797 540 pertulerim
817 445 951 530 infelix,
967 468 1035 517 non
1048 445 1177 538 episto-

101 577 143 644 lae
172 575 290 646 brevis
319 593 408 664 opus
433 581 505 640 est:
530 569 660 662 quibus
687 569 827 639 tandem
862 567 1039 658 exagitata
1065 579 1181 639 mente

100 718 249 767 cernens
280 696 408 765 nullam
432 691 498 761 nisi
520 693 553 760 in
584 694 666 782 fuga
694 690 862 760 libertatis
886 710 983 781 spem
1009 690 1178 772 relictam,

101 815 357 887 retrahentibus
379 835 591 905 quamquam
615 811 668 881 bis
690 811 819 902 quibus
847 831 901 880 me
928 809 1077 880 amando
1103 833 1181 903 per-

99 938 208 1008 ditum
232 938 281 1006 ire
307 959 382 1007 mos
409 940 539 1026 lucrat,
573 934 708 1027 profugi
732 944 767 1004 et
786 933 898 1025 eripui
925 932 1096 1026 meipsum
1123 954 1182 1023 pe-

101 1059 217 1130 rieulis
243 1080 461 1151 quacumque
483 1058 594 1151 patuit
627 1058 704 1127 via:
739 1067 844 1147 atque
878 1076 1001 1125 omues
1020 1057 1182 1125 Fortunae

100 1181 213 1250 minas
239 1180 370 1272 perpeti
391 1181 547 1264 decrevi,
574 1179 656 1250 dum
685 1175 769 1247 mibi
804 1179 858 1246 vel
893 1199 1000 1270 prope
1034 1188 1180 1247 mortem

101 1303 349 1395 aliquantisper
383 1305 549 1373 viverem.
589 1303 751 1394 Coeperat
795 1299 886 1371 enim
925 1299 1055 1368 sensim
1087 1300 1181 1391 quod

100 1424 260 1514 optabam
280 1426 503 1513 contingere,
530 1434 566 1493 et
586 1423 723 1494 animus
742 1444 789 1492 ex
813 1422 988 1493 diuturnis
1008 1422 1182 1517 compedi-

102 1545 167 1615 bus
190 1547 339 1616 relaxari
358 1545 579 1616 inenarrabili
604 1545 754 1637 quadam
780 1543 963 1615 dulcedine
991 1556 1027 1615 et
1051 1547 1182 1615 coelesti

102 1668 182 1738 vitae
208 1666 394 1738 simillima.
424 1666 491 1738 Sed
521 1677 650 1758 quantu
677 1676 733 1736 est
756 1664 893 1736 duratae
919 1666 1182 1737 consuetudinis

100 1792 166 1860 vis!
190 1791 289 1883 Saepe
309 1790 425 1860 adbuc
446 1791 629 1860 infaustam
653 1789 734 1859 mihi
757 1789 933 1859 civitatem
963 1800 1097 1883 repeto,
1120 1813 1184 1862 nec

100 1913 202 1982 ullius
219 1933 309 1982 unco
322 1912 541 1982 necessitatis
556 1921 704 1993 tractus,
725 1913 816 1981 ultro
831 1911 864 1978 in
883 1913 1044 2002 laqueum
1068 1912 1181 1995 redeo,

99 2042 134 2101 et
154 2051 200 2101 ex
222 2042 323 2122 portu
346 2032 470 2102 totiens
488 2031 707 2121 naufragium
730 2051 868 2122 passus,
888 2030 1023 2100 relabor
1037 2032 1071 2099 in
1088 2034 1184 2123 pela-

99 2152 332 2245 gumquibus
348 2154 553 2244 urgentibus
567 2153 708 2222 flatibus
722 2153 893 2223 incertum
906 2162 971 2223 est.
986 2154 1067 2224 Illox
1082 2175 1185 2225 omne

101 2276 168 2346 mei
191 2278 245 2347 ius
262 2277 422 2367 eripitur,
449 2276 532 2345 mibi
558 2275 710 2368 undique
733 2286 919 2347 ventorum
946 2274 1085 2360 rabieS,
1120 2298 1184 2346 un·

96 2395 201 2486 dique
226 2397 354 2464 fluctus
382 2404 417 2467 ef
443 2397 592 2489 scopuli,
633 2400 748 2466 celum
786 2395 928 2488 undique
966 2410 997 2465 et
1035 2397 1182 2488 tradique

95 2527 230 2603 pontus,
257 2523 434 2606 postremo
465 2536 560 2585 mors
583 2516 758 2607 undique,
786 2527 820 2584 et
846 2517 944 2606 peius
973 2528 1083 2586 morte
1101 2517 1185 2587 vitae

100 2634 283 2726 praesentis
298 2632 456 2717 taedium,
471 2646 507 2706 et
524 2645 683 2703 venturae
704 2643 819 2704 metus
838 2644 918 2705 ante
938 2638 1072 2709 oculos.
1084 2636 1185 2719 Quod

98 2758 215 2849 itaque
237 2778 292 2826 me
314 2757 367 2826 bis
386 2757 555 2850 proximis
573 2755 699 2826 diebus
719 2756 838 2826 videre
859 2758 1076 2848 nequiveriS,
1098 2757 1185 2828 scito

97 2880 225 2949 nullam
244 2900 388 2949 causam
401 2880 511 2951 fuisse
531 2879 647 2961 aliam,
669 2880 734 2949 nisi
756 2901 851 2951 curae
869 2894 1009 2953 veteres
1031 2883 1186 2954 exeden-

98 3011 152 3071 tes
172 3023 232 3072 cor
254 3003 441 3085 miserum,
461 3023 542 3095 quae
568 3003 750 3072 confestim
780 3013 817 3072 ut
851 3026 905 3075 me
942 3006 976 3074 io
1007 3002 1185 3075 moenibus

98 3124 173 3192 suis
196 3122 418 3208 invenerunt,
443 3134 620 3217 tamquam
643 3126 790 3216 fugitivo
810 3137 845 3197 et
862 3130 1058 3198 contumaci
1080 3147 1185 3197 servo

98 3244 292 3315 iniecerunt
312 3258 526 3351 manum-et
545 3247 612 3314 iam
636 3248 719 3316 mibi
742 3248 851 3338 flagra
877 3260 958 3319 nota
978 3247 1183 3356 cernebam,

98 3367 166 3434 iam
179 3388 370 3447 carcerem,
387 3370 453 3439 iam
467 3374 608 3440 catenas
622 3379 657 3438 et
670 3370 831 3453 verbera,
846 3392 926 3442 cum
943 3374 1042 3443 velut
1055 3392 1185 3463 exper-

99 3499 216 3558 rectus
237 3497 356 3570 noctu,
379 3490 462 3580 quia
480 3491 554 3560 luco
581 3511 650 3560 nou
678 3503 855 3583 poteram,
884 3494 994 3564 evasi.
1016 3494 1183 3584 lgnosces

100 3609 206 3700 igitur
225 3609 255 3679 si
276 3632 355 3680 eum
373 3610 497 3683 videre
521 3633 678 3705 possem,
702 3625 734 3684 te
758 3637 827 3686 uon
849 3617 929 3686 viso
948 3615 1036 3698 abii,
1063 3627 1098 3684 et
1123 3614 1185 3685 ad-

98 3754 227 3803 versus
253 3734 399 3821 vulgum
431 3734 593 3805 insanum
617 3757 761 3806 causam
795 3760 908 3807 meam
937 3759 1035 3829 agee,
1063 3758 1084 3807 a
1114 3758 1185 3829 quo

99 3853 285 3925 demontiae
305 3876 456 3946 arguor,
488 3848 583 3948 duod
617 3857 768 3947 quietem
797 3860 887 3928 ruris
916 3836 1075 3943 urbanis,
1108 3858 1183 3950 ipso

100 3979 322 4061 reclamante,
347 3979 571 4072 praetulerim.
594 3978 679 4049 Vale
702 4000 835 4052 memor
856 3982 975 4052 nostri.
