2670 4688
167 264 226 324 uu
632 273 793 323 ulumuuu

172 452 187 488 r>
216 436 270 494 tos
291 423 409 492 valeas
427 442 614 514 percurare
636 422 859 511 languentes:
881 431 918 493 et
937 425 969 493 si
989 445 1069 516 qua
1095 426 1199 497 lerro
1221 430 1278 497 vel

171 574 186 608 n
217 556 297 616 ustu
318 554 440 616 curata
467 564 536 614 non
562 554 661 626 sunt,
691 542 1004 615 miserationibus
1032 568 1122 617 cum
1148 548 1277 645 Moyse

171 697 187 732 »
216 669 292 738 leva
315 689 454 738 manum
481 652 525 737 ad
548 667 674 736 coelum
698 676 918 759 pugnaturus
944 668 1120 761 precibus
1143 681 1275 743 elnon

172 821 187 855 l
216 790 305 862 lelis'.
332 789 451 861 Aaron
472 798 507 861 et
526 789 638 870 losue,
661 788 828 858 fortitudo
853 789 985 861 scilicet
1010 790 1128 862 animi
1158 806 1197 867 et
1220 795 1273 866 di-

170 940 185 975 »
214 913 373 983 lectionis
411 910 556 992 caritas,
595 919 627 978 te
653 909 777 982 sedere
804 910 931 982 saciant
957 933 1073 1004 super
1103 927 1269 1006 petram,

171 1063 187 1099 a
217 1056 411 1127 manusque
439 1042 638 1103 sustentent
663 1042 740 1102 tuas
768 1045 806 1104 ut
835 1033 880 1105 ad
911 1031 1033 1105 infima
1063 1059 1139 1108 non
1163 1039 1270 1109 decli-

172 1187 187 1222 »
217 1169 310 1229 nent.
337 1157 558 1227 Venenosum
592 1166 787 1225 monstrum
820 1156 1010 1226 humanum
1048 1159 1266 1250 sanguinem

173 1300 347 1350 »vorans
382 1276 607 1359 Constantini,
644 1277 813 1348 Silvester
843 1278 928 1349 vicit
960 1289 997 1348 et
1029 1279 1204 1371 alligavit
1235 1286 1266 1351 in

176 1433 190 1467 s
218 1402 358 1475 eremis.
380 1401 436 1469 Sic
464 1408 498 1469 tu
521 1399 688 1469 Silvester
714 1401 819 1484 alter,
842 1399 872 1471 si
891 1420 959 1470 non
981 1399 1125 1472 recedis
1152 1425 1177 1474 a
1199 1426 1264 1486 me,

172 1555 187 1588 s
217 1524 293 1593 istic
323 1523 483 1614 alligabis
514 1521 670 1614 aspidem
706 1524 937 1607 virulentum,
971 1534 1008 1593 et
1038 1543 1125 1593 cum
1163 1526 1265 1597 losue

174 1675 188 1709 a
218 1654 340 1736 gentes
366 1632 602 1715 Amalech'itas
627 1642 860 1715 conculcabis.
879 1644 1107 1736 Expressum
1129 1659 1264 1742 myste-

172 1798 187 1829 n
222 1767 313 1837 rium
334 1765 398 1837 sed
428 1767 530 1838 latius
556 1769 641 1838 alias
674 1765 954 1859 exprimendum.
985 1767 1092 1850 Quod
1126 1769 1264 1840 simeo

173 1920 188 1953 r.
217 1912 286 1961 non
309 1890 516 1982 adquiescas
539 1888 706 1972 hortatui,
728 1889 762 1957 in
784 1888 877 1959 viam
900 1886 960 1957 tibi
980 1886 1105 1961 obviet
1124 1891 1191 1984 qui
1211 1912 1263 1961 re

172 2041 187 2075 n
217 2012 358 2105 spondit
371 2014 473 2083 Petro
487 2009 673 2082 recedenti:
694 2037 709 2074 α
732 2008 921 2093 Quovadis
937 2007 1142 2082 donisel»
1165 2010 1262 2085 Vado

171 2161 187 2195 u
218 2134 359 2204 Romam
379 2134 501 2204 iterum
519 2129 688 2222 cruciligi.
711 2133 784 2201 Deo
805 2131 949 2224 gratias.
971 2131 1099 2205 Amen.
1121 2164 1138 2197 s

677 2363 751 2372 ..ο--

590 2540 767 2639 ausuum
793 2576 838 2638 u:

286 2766 480 2816 l'tlauclsct's
501 2766 671 2816 Pssuuuca
693 2767 792 2816 tronto
815 2766 975 2816 Plausus!
996 2768 1022 2816 S.
1044 2770 1074 2817 Ρ.
1096 2771 1131 2820 Ι).

166 2895 175 2913 “
221 2901 261 2953 Ila
275 2900 352 2954 obitu
367 2903 467 2957 Aeonis
482 2904 517 2956 de
532 2902 666 2974 Corrigio.
688 2904 820 2968 Querilur
834 2903 965 2974 epistolas
978 2918 1044 2959 suas
1058 2905 1207 2981 intercipi,

430 2997 458 3045 et
472 2992 605 3046 nonnulla
620 2991 654 3046 da
669 2992 778 3062 scriptia
794 2993 851 3047 suis
867 2993 988 3049 mandat.

263 3220 400 3308 Amice,
421 3220 550 3315 quibus
571 3222 689 3305 oculis,
712 3245 782 3315 quo
798 3227 915 3300 animo
930 3228 1063 3299 litteras
1087 3241 1170 3305 tuas
1191 3232 1258 3306 do·

166 3346 341 3438 minaeque
367 3355 495 3416 noslrae
521 3368 562 3417 ac
591 3346 756 3415 iuvenum
779 3346 998 3422 dominorum
1024 3352 1187 3442 legerim,
1216 3367 1258 3427 ut

166 3467 301 3548 sileam,
325 3467 438 3550 nosti;
471 3471 634 3561 quamvis
670 3469 944 3545 infelicissimum
980 3496 1155 3547 rumorem
1190 3480 1257 3552 diu

165 3600 246 3660 ante
270 3591 359 3661 lama
379 3604 541 3664 narrante
557 3614 818 3686 cognoscerem,
841 3618 911 3688 quo
927 3597 1045 3669 audito
1065 3598 1156 3669 inter
1178 3603 1257 3675 sin-

165 3712 283 3799 gultus
310 3722 345 3781 et
374 3712 533 3784 lacrimas
560 3715 684 3811 scripsi
711 3718 828 3788 nescio
860 3719 944 3812 quid
971 3720 1253 3811 longiusculum,

165 3829 260 3919 quod
280 3853 349 3901 non
372 3833 452 3903 misi
476 3837 608 3908 veritus
633 3861 754 3910 eorum
783 3840 898 3925 taedia,
925 3843 1088 3933 quicum
1110 3842 1159 3913 nil
1186 3846 1254 3919 de-

166 3958 317 4038 gustent,
332 3954 448 4029 omnia
465 3958 681 4048 mortificant,
696 3974 732 4034 et
744 3985 826 4055 quae
846 3986 913 4035 non
935 3964 1087 4056 capiunt,
1102 3967 1255 4061 cupiunt

166 4094 206 4143 ac
224 4074 377 4166 rapiunt:
408 4077 593 4159 bellatores
610 4085 778 4179 Ligurum
803 4090 936 4179 loquor,
963 4087 1023 4177 qul
1050 4087 1254 4182 importuna
