2670 4688
574 297 726 347 srusroun
749 298 811 347 vrri.
1174 286 1233 349 533

108 480 123 529 ,-
153 444 271 537 pellat,
302 440 450 515 durities
481 439 656 531 gentium,
692 439 769 510 sive
803 446 841 509 ut
872 437 1015 531 quidam
1042 439 1234 533 scriptores

108 610 119 655 2
152 573 295 647 vocant,
318 563 481 646 Ruentia,
515 583 536 634 a
569 561 706 633 ruendo
736 558 879 644 diaeris,
907 580 1065 655 praeceps
1104 562 1236 634 llumeu

152 685 444 777 damnosumque,
477 682 728 779 ouiuqanuolae
753 681 840 753 nihil
870 680 974 753 undis
993 691 1031 753 et
1047 683 1150 755 alveo
1171 682 1237 753 mi·

154 804 274 888 tiores,
296 813 332 875 et
353 803 421 897 ipsi
438 812 535 875 tanto
555 803 687 895 impetn
720 801 755 871 in
782 800 964 894 quodlibet
982 803 1098 877 scelus
1120 812 1236 875 ruunt.

153 928 183 999 0
199 926 418 1020 impudenter
437 926 576 999 elati:o
607 924 842 996 irreverentes
860 931 898 995 et
919 921 1071 999 indeuoti
1094 946 1238 997 omnes:

154 1069 266 1120 onon
284 1059 343 1120 tua
364 1047 528 1132 sorbens,
561 1056 599 1117 et
628 1043 760 1117 tumide
780 1044 815 1113 in
837 1041 1015 1116 domiuum
1049 1044 1238 1137 insurgens

154 1171 281 1262 Sorga;
312 1192 334 1242 o
360 1168 549 1241 Rhodanus
566 1167 694 1240 rodens
720 1166 854 1250 omnia,
881 1167 933 1239 sic
958 1165 1121 1277 Tgffigirn
1141 1188 1241 1240 reco-

155 1293 336 1385 gnoscitis,
369 1293 420 1363 sio
437 1292 580 1391 Romam
607 1289 784 1361 dominam
812 1287 1016 1361 honoratis?
1037 1289 1078 1360 ¹'0
1098 1286 1238 1374 drinio,
1311 1353 1320 1369 .

154 1414 256 1486 euius
269 1412 370 1485 vinea
388 1410 528 1506 (siquid
547 1409 803 1484 coniectoribus
816 1406 899 1483 lidei
920 1410 987 1501 est)
1009 1410 1130 1483 botros
1143 1434 1241 1485 ama·

156 1535 314 1608 rissimos
327 1546 363 1607 et
383 1542 562 1607 cruentam
583 1535 712 1628 profert
733 1531 963 1619 vindemiam,
995 1536 1047 1606 sie
1064 1535 1239 1608 dominam

154 1658 301 1729 Romam
316 1656 415 1741 colis,
438 1657 489 1728 sio
509 1656 573 1739 tui,
596 1655 647 1726 sie
666 1655 773 1739 illius,
800 1656 853 1727 sie
872 1657 1028 1751 propriae
1044 1658 1238 1744 servitutis,

155 1780 207 1851 sie
235 1778 362 1849 summi
383 1776 517 1872 imperii
548 1779 766 1851 memores?
786 1777 848 1849 Vae
870 1777 946 1864 tibi,
978 1779 1109 1865 infelix,
1133 1781 1162 1851 si
1183 1781 1240 1851 illa

154 1898 299 1993 ooeperit
317 1900 530 1995 expergisci,
545 1899 714 1972 imovero
734 1899 763 1971 si
784 1913 888 1996 capnt
904 1903 1089 1988 extulerit,
1107 1912 1144 1975 et
1160 1904 1245 1976 dor-.

155 2021 274 2093 mienti
289 2020 354 2093 sibi
369 2022 481 2095 illatas
494 2021 640 2093 iniurias
653 2030 689 2093 et
701 2021 830 2094 damna
851 2024 1083 2117 prospexerit.
1105 2026 1242 2119 Exper-

155 2153 249 2216 recta
269 2143 364 2217 enim
385 2143 452 2214 iam
468 2163 560 2214 nunc
579 2153 651 2227 est,
670 2142 776 2215 crede
797 2142 897 2214 mihi:
920 2166 989 2219 non
1009 2145 1155 2232 dormit,
1177 2146 1242 2219 sed

156 2266 246 2348 silet,
269 2275 306 2336 et
326 2265 463 2336 somnia
483 2264 651 2356 praeteriti
677 2263 846 2357 temporis
860 2263 1083 2339 subsilentio
1103 2268 1240 2361 repetit,

155 2375 297 2477 etquid
318 2403 467 2474 surgens
489 2391 610 2455 actura
628 2383 674 2453 sit
692 2383 833 2474 cogitat.
856 2384 1051 2476 Expectato
1063 2390 1242 2482 paululum

156 2518 192 2578 et
207 2503 345 2577 videbis
371 2502 544 2595 magnalia
575 2503 610 2572 in
640 2500 727 2573 orbe
749 2514 938 2587 terrarum,
966 2503 1114 2598 fierique
1139 2507 1244 2578 mira·

157 2625 242 2697 bere
261 2645 342 2719 quae
361 2627 589 2695 antefactum
612 2620 841 2715 impossibilia
859 2622 1066 2698 iudicasses.
1087 2626 1142 2698 Au
1159 2628 1244 2720 quid

158 2748 223 2831 sis,
244 2768 290 2818 an
311 2746 369 2818 ubi
387 2745 454 2830 sis,
489 2768 533 2818 an
553 2746 610 2819 oui
627 2744 747 2816 subsis
780 2745 947 2834 ignorant
979 2747 1033 2819 An
1055 2749 1245 2841 provinciae

158 2862 284 2951 noman
306 2867 422 2941 nescis
436 2865 757 2947 undedeseendat‘l
774 2866 943 2950 Quisnam
961 2870 1245 2967 terentioque

157 3012 237 3065 nem
258 2992 325 3063 ista
350 2990 546 3063 dementia?
562 3074 565 3079 A
580 2991 636 3062 Sic
668 2987 805 3061 modico
836 3008 965 3063 sereno
997 3001 1244 3085 tempestatum

158 3114 313 3185 omnium
334 3112 514 3205 subrepsit
532 3111 693 3183 oblivio‘l
710 3109 844 3183 Siccine
857 3111 1116 3205 pmvinciarum
1134 3116 1245 3188 domi·

159 3255 239 3305 nam
256 3233 459 3306 veneraris?
484 3232 602 3326 Sopita
623 3244 715 3316 erat,
744 3242 778 3305 tu
807 3243 979 3306 mortuam
1003 3237 1184 3311 credidisti
1204 3260 1246 3311 ae

159 3353 257 3423 velut
276 3363 388 3429 morte
405 3352 560 3425 domium
577 3352 728 3425 libertati
755 3354 894 3427 reddita
910 3357 1025 3429 adhuc
1051 3379 1193 3431 servam
1211 3369 1246 3432 te

159 3472 304 3565 putasti,
324 3474 391 3545 nisi
410 3473 605 3547 libertatem
628 3474 740 3569 ipsam
761 3475 903 3566 flagitiis
917 3476 1246 3573 approbares.Esse

160 3595 304 3688 aliquid,
324 3617 429 3690 posse
449 3596 582 3689 aliquid
612 3596 727 3670 videri
756 3599 870 3690 cupis:
904 3620 971 3672 nos
991 3602 1194 3695 aliquandiu
1211 3614 1246 3675 te

160 3718 234 3789 voti
254 3727 450 3810 compotem
483 3716 710 3793 deliberando
742 3719 900 3790 lecimus.
934 3720 1089 3817 Tempus
1113 3734 1243 3812 estut,

160 3837 262 3911 nobis
286 3838 566 3923 admonentibus,
595 3839 795 3933 resipiscas.
817 3838 1006 3914 Multorum
1029 3866 1165 3939 mempo
1183 3867 1246 3942 po·

163 3963 356 4036 tentianon
376 3961 582 4057 inpropriis
604 3961 754 4046 viribus,
790 3959 854 4033 sed
875 3963 911 4034 in
931 3965 1045 4039 aliena
1066 3965 1245 4039 debilitato

161 4084 303 4160 tundata
320 4096 389 4161 est:
402 4108 526 4159 verum
539 4084 629 4168 lraee,
644 4083 850 4158 adversario
871 4092 1152 4169 convalescente,
1168 4109 1245 4159 cor-
