2834 5086
176 661 215 722 'tt
515 670 558 719 nn
579 672 681 722 uuuus
701 672 921 721 uuurummnus

174 809 208 878 in
226 817 319 878 statu
336 826 399 904 par
413 802 620 900 obsequium
639 803 814 897 impendit.
833 804 1008 889 Quodve!
1026 804 1171 878 Athenis
1190 813 1248 882 vei

172 931 294 1002 homae
314 932 443 1001 iactum
464 927 595 1025 opinari
618 928 706 998 licet.
733 925 819 998 Nam
841 937 877 998 et
897 938 1044 1022 utroque
1065 930 1249 1003 trabentes

171 1055 391 1126 coniecturas
411 1054 523 1127 habeo
541 1051 585 1124 de
607 1049 812 1143 scriptorum
833 1049 943 1135 dictis,
966 1073 1031 1123 nee
1050 1049 1095 1123 ab
1115 1053 1249 1126 utrius-

171 1200 242 1270 que
262 1179 360 1251 urbis
382 1176 523 1271 reliquis
543 1171 700 1244 moribus
722 1196 778 1244 res
804 1174 979 1259 abhorret,
1000 1185 1037 1246 et
1061 1174 1248 1270 utrobique

172 1303 300 1373 iactum
321 1300 466 1374 essenii
488 1295 656 1392 prohibet,
680 1299 873 1389 praesertim
892 1320 971 1369 oum
993 1297 1148 1371 historici
1166 1300 1248 1393 qui·

171 1423 252 1495 dam
287 1424 437 1496 Cimonis
469 1418 734 1491 Atheniensium
761 1422 876 1512 magni
903 1419 1003 1493 ducis
1039 1419 1158 1507 filiam,
1188 1426 1246 1497 alii

171 1548 335 1620 humilem
360 1555 397 1617 et
415 1544 568 1634 ignotam
594 1544 768 1614 iaeminam
788 1544 926 1638 scriptis
944 1544 1141 1616 indiderint.
1167 1547 1246 1621 Coe-

171 1681 281 1740 terum
303 1677 341 1738 ut
360 1664 500 1765 omissis
520 1664 637 1737 dubiis
658 1676 754 1738 certa
775 1686 1058 1752 commemorem,
1081 1692 1161 1741 oum
1181 1671 1244 1745 ad-

170 1789 305 1862 miratio
321 1786 470 1881 primum
487 1800 564 1860 orta
584 1789 678 1881 quod
700 1791 787 1861 nitra
805 1792 996 1862 naturalem
1019 1791 1160 1863 modum
1175 1791 1243 1864 cibi

169 1914 268 2005 inops
296 1910 369 1981 vita
401 1911 682 2004 protenderetur,
709 1912 835 1985 deinde
860 1912 1059 1985 observatio
1084 1916 1245 1989 intentior
1295 1932 1308 1953 ’

167 2032 320 2105 adhibita
340 2042 448 2117 esset,
467 2045 572 2128 atque
592 2034 640 2107 ita
661 2058 717 2107 res
735 2061 754 2108 a
775 2037 979 2110 custodibus
1001 2038 1182 2124 intellecta,
1198 2042 1244 2113 ad

166 2155 340 2227 triumviri
367 2156 427 2249 qui
448 2159 627 2253 suppliciis
648 2172 814 2254 praeerat,
840 2185 882 2234 ac
902 2184 963 2256 per
982 2184 1062 2234 eum
1089 2162 1134 2235 ad
1152 2184 1245 2257 prae-

168 2280 252 2354 toris
272 2279 332 2373 qui
358 2282 564 2353 seutentiam
587 2285 723 2368 tulerat,
752 2285 832 2357 inde
852 2298 968 2357 autem
996 2286 1040 2357 ad
1060 2288 1241 2359 consutum

167 2403 320 2476 notitiam
349 2404 582 2497 pervenisset,
615 2408 672 2475 vet
708 2405 921 2477 humanitate
949 2407 1063 2479 Attica
1095 2410 1152 2481 vei
1174 2410 1240 2478 Ro·

167 2546 267 2597 mana
292 2524 474 2596 maiestate
495 2524 640 2616 dignum
661 2546 761 2618 opus,
783 2524 899 2594 donati
928 2526 1044 2597 tiberis
1064 2530 1242 2623 ereptiquo

166 2645 304 2737 legibus
325 2646 384 2730 rei,
403 2656 439 2717 et
457 2648 639 2740 utriusque
656 2645 737 2718 fitiae
753 2646 914 2738 pietatem
934 2648 1087 2739 parentis
1103 2648 1245 2721 absolu-

167 2770 215 2840 tio
239 2782 424 2841 consecuta
445 2780 509 2841 est.
528 2771 615 2842 Nam
636 2771 748 2854 cuins,
770 2792 842 2855 oro,
869 2767 1021 2840 animum
1048 2771 1243 2862 spectacula

165 2891 222 2964 iila
242 2913 311 2963 non
337 2893 528 2980 flecterent,
550 2893 687 2967 iuvenis
711 2893 927 2966 nataeubera
945 2889 1104 2964 famelica
1130 2899 1243 2964 mater

165 3035 262 3098 anus,
286 3017 348 3090 sed
369 3021 480 3091 multo
505 3019 657 3091 maxime
677 3019 793 3091 inedia
813 3021 988 3091 coniectus
1006 3025 1042 3088 et
1062 3015 1160 3088 senio
1177 3000 1242 3107 ’ρα-

101 3171 104 3175 ·
166 3149 218 3209 ter
243 3140 412 3230 sugiens‘?
445 3143 567 3234 ltaque
593 3141 673 3212 hino
704 3141 786 3212 iilud
815 3142 965 3231 amplum
1001 3141 1164 3209 sacellum
1194 3160 1242 3208 ex

165 3281 305 3333 carcere
325 3272 361 3333 et
386 3264 419 3333 in
441 3263 642 3333 memoriam
669 3264 715 3353 pii
740 3273 838 3332 actus
858 3260 976 3352 pietati
1002 3271 1240 3333 consecratum

165 3383 278 3456 iocum
314 3386 473 3475 legimus.
507 3387 577 3455 Iam
607 3384 687 3475 quis
720 3383 805 3453 iliud
830 3381 922 3475 apud
956 3381 1241 3455 Lacedaemonios

164 3528 234 3578 non
255 3507 388 3579 audivit
408 3516 446 3577 ut
464 3503 643 3576 fidissimae
660 3525 791 3575 uxores
809 3505 908 3596 quasi
926 3503 1022 3575 viros
1043 3505 1240 3598 capitalium

165 3651 283 3701 rerum
305 3651 386 3701 reos
412 3625 614 3722 supremum
635 3629 838 3699 allocuturae
863 3627 1035 3719 permissu
1054 3627 1239 3700 custodum

165 3766 269 3824 noctu
290 3772 462 3824 oaroerem
484 3749 662 3840 ingressae,
682 3770 754 3843 quo
775 3760 929 3845 tempore
947 3772 1044 3823 more
1061 3750 1175 3842 gentis
1195 3751 1241 3823 do

166 3874 406 3948 condemnatis
433 3872 641 3965 supplicium
664 3872 880 3960 sumebatur,
902 3874 1108 3968 permutatis
1134 3874 1241 3945 vesti-

165 3996 233 4068 bus
254 4008 289 4068 et
308 4018 370 4090 per
392 3995 541 4086 speciem
559 3995 689 4066 doloris
709 3995 878 4089 capitibus
897 3996 1082 4081 obvolutis,
1100 4004 1138 4066 et
1154 3995 1240 4067 hora

166 4121 347 4192 eonsilium
362 4118 559 4201 adiuvante,
572 4120 639 4190 iliis
651 4120 802 4207 emissis,
813 4144 932 4193 eorum
947 4122 980 4191 in
996 4143 1034 4191 se
1048 4121 1239 4216 periculum

166 4243 430 4344 transtulerunt:
445 4253 550 4335 utque
565 4242 599 4313 in
610 4242 732 4314 eadem
748 4242 834 4314 urbe
847 4243 1008 4315 Leonidae
1022 4243 1127 4334 Regis
1141 4261 1241 4313 soror

166 4366 276 4458 virgo,
298 4364 383 4436 viris
411 4364 443 4435 in
465 4367 607 4438 consilio
627 4364 882 4450 haesitantibus,
904 4367 1014 4462 prima
1032 4365 1162 4437 betium
1180 4385 1240 4456 pa·

170 4489 244 4559 triae
273 4486 454 4562 imminens
486 4489 737 4586 deprehendit?
766 4490 853 4575 Quis
886 4511 953 4562 non
981 4491 1077 4562 nouit
1097 4489 1131 4575 in
1157 4486 1240 4559 Asia
