2670 4688
351 307 443 355 mara
465 306 640 356 vicesimus.
653 327 685 336 -
702 306 855 355 nrrsrom
877 306 918 353 rx.
1137 292 1176 352 35

97 445 174 514 lone
200 443 330 512 scilieet
356 441 592 512 habitantibus
626 443 830 514 inviderem.
862 441 1005 513 Invideo
1035 443 1175 535 quidem

95 563 196 635 vobis
218 564 253 632 in
271 563 357 633 urbe
382 564 536 633 omnium
563 566 734 657 pessima,
762 564 827 634 sed
853 566 1000 637 honesto
1026 567 1083 636 illo
1110 565 1176 638 sub

95 689 167 759 lare
184 685 410 777 degentibus,
429 687 598 757 malarum
617 708 730 756 vacuo
746 687 957 780 cupidinum,
976 696 1011 759 et
1027 688 1177 783 Babylo-

96 809 181 880 nicis
204 808 359 881 moribus
380 811 570 890 inaccesso,
589 808 740 901 denique
759 810 933 880 simillimo
950 812 1082 904 campis
1095 813 1177 905 Ely-

96 933 172 1015 siiS,
192 954 281 1024 quos
302 934 391 1002 iuter
407 929 538 1003 Averni
552 933 690 1003 dolores
703 955 745 1004 ac
757 934 917 1005 miserias
932 937 1032 1005 laetos
1046 935 1175 1006 dicunt.

95 1056 179 1126 Haec
199 1053 301 1125 vobis
319 1055 421 1125 simul
442 1054 618 1139 omnibus,
641 1054 770 1148 quibus
789 1058 981 1129 tammulta
996 1078 1091 1151 saepe
1106 1056 1178 1128 sin—

94 1179 196 1267 gulis,
220 1178 309 1248 inter
328 1177 582 1248 festinationem
605 1191 640 1250 ct
667 1200 829 1250 somnum
856 1191 892 1250 et
916 1180 1175 1272 occupationem

95 1310 131 1369 et
151 1320 289 1369 aurorae
309 1310 438 1370 metum
456 1311 491 1371 et
511 1301 622 1392 frigus
644 1314 679 1373 et
699 1301 838 1385 tussim,
854 1323 1023 1396 papyrum
1037 1322 1177 1394 quoque

95 1433 131 1492 et
156 1424 328 1493 calamum
353 1445 393 1494 ac
417 1425 595 1494 lucernam
619 1423 846 1508 rebellanteS,
870 1436 908 1496 ut
932 1425 1027 1496 licuit
1053 1423 1177 1516 scripsi

97 1545 139 1613 ll.
158 1545 240 1618 ldus
260 1547 438 1616 lanuarias
458 1557 538 1617 ante
559 1548 682 1618 lucem.
704 1548 820 1618 Vivite
840 1548 975 1633 felices,
1002 1558 1038 1618 et
1063 1547 1178 1617 valete

96 1669 163 1739 mei
185 1691 370 1740 memores.

512 2053 699 2170 'uetstoln
722 2106 754 2168 X.

214 2274 408 2324 Fatnctscus
430 2275 598 2324 ruralem
619 2274 753 2325 IOHANNI
775 2275 915 2325 lucrino
936 2276 962 2324 S.
985 2278 1013 2326 P.
1035 2277 1065 2325 n.

135 2433 260 2499 Agrestis
273 2432 334 2484 vitae
350 2432 577 2502 tranquillitatem
592 2439 704 2486 nactum
718 2434 883 2503 gratulatur,
897 2441 925 2488 ct
939 2450 1019 2488 suam
1034 2434 1143 2489 vivendi

420 2519 557 2587 placidam
571 2520 707 2573 rationem
721 2521 861 2576 describit.
938 2548 941 2554 ·

197 2778 290 2848 Pone
312 2796 408 2870 spem
427 2775 626 2869 prolixioris
644 2777 808 2872 epistolae,
827 2799 908 2871 quae
926 2770 1056 2850 terrere
1074 2754 1180 2852 lecto-

100 2923 172 2972 rem
195 2900 309 2983 solita,
325 2910 360 2971 te
375 2924 480 2972 unum
496 2909 637 2996 propter
651 2902 771 2972 vivum
787 2904 948 2995 colloquii
961 2902 1177 2974 desiderium

97 3024 255 3096 delectat.
284 3024 353 3095 lam
376 3025 456 3095 bine
482 3046 525 3094 ne
547 3025 668 3116 vagari
690 3027 824 3096 valeam
846 3029 1050 3120 provisum;
1076 3027 1175 3110 hora,

99 3150 194 3237 gelu,
218 3170 375 3230 somnus,
399 3147 508 3230 labor,
530 3147 726 3240 occupatio,
749 3149 897 3219 frenum
919 3149 1101 3239 stringent.
1123 3147 1178 3220 Ad

99 3271 166 3342 hoc
186 3292 341 3365 papyrus
367 3271 486 3342 brevis
506 3272 551 3342 de
571 3270 751 3354 industria,
778 3271 875 3342 velut
895 3274 1076 3364 augustior
1096 3295 1178 3344 area

99 3391 143 3461 ad
157 3389 361 3461 exercitium
379 3389 502 3460 calami
517 3390 698 3473 liberioris,
717 3403 899 3486 assumpta
918 3403 984 3462 est.
1006 3392 1176 3484 Equidem

101 3513 170 3585 tuis
196 3513 228 3581 in
251 3510 372 3582 litteris
395 3523 427 3581 te
447 3511 604 3602 procellis
618 3514 793 3604 elapsum,
816 3534 928 3606 neque
949 3525 1081 3585 tautum
1108 3516 1174 3585 iam

99 3638 133 3707 in
165 3647 267 3730 portu
305 3620 543 3723 navigantem,
571 3634 634 3705 sed
662 3636 694 3704 in
729 3636 827 3706 litore
853 3636 1031 3706 sedentem
1062 3638 1176 3708 video.

98 3761 259 3830 Gratulor
276 3756 349 3828 tibi.
371 3756 423 3825 Nil
445 3755 489 3824 de
516 3767 549 3825 te
570 3758 683 3828 laetius
705 3780 810 3829 nosse
831 3767 1021 3850 potueram.
1041 3760 1096 3831 ltle
1116 3783 1178 3832 au-

100 3893 167 3950 tem
176 3903 281 3952 versa
292 3881 371 3951 vice
384 3879 526 3950 noveris
539 3879 572 3947 in
587 3879 749 3972 periculis
765 3880 1012 3952 securum.0hl
1027 3883 1175 3954 ferreum

100 4018 202 4100 caput
230 4018 265 4076 et
294 4006 327 4075 in
355 4005 478 4076 mediis
505 4002 771 4098 tempestatibus
803 4005 1038 4095 quiescentem
1065 4027 1177 4100 usque

100 4128 195 4210 adeo,
218 4141 253 4198 ut
272 4130 337 4200 nisi
361 4131 446 4200 alios
468 4130 595 4200 cirrum
619 4130 764 4200 iactatos
786 4149 947 4221 aequoreo
968 4129 1106 4202 turbine
1126 4129 1179 4199 vi-
