2670 4688
280 306 372 356 alosa
393 303 918 371 ulcosluosrsarlos-sersaoni
939 305 969 351 X.
1107 291 1160 354 211

90 442 228 534 tuisque
247 439 427 522 doctrinis,
448 450 484 510 et
501 448 561 511 tuo
586 434 763 532 proficiam
788 437 835 508 ab
858 441 1031 533 exemplo.
1053 441 1165 534 Siqui-

93 565 173 636 dem
194 564 299 646 Piuto,
314 571 350 633 et
361 561 576 640 Aristoteles,
590 572 626 632 et
637 558 840 654 Xenophon,
855 574 891 633 et
903 572 974 633 tota
987 563 1043 633 illa
1056 564 1168 655 philo-

89 686 278 780 sophorum
302 692 407 755 vetus
432 704 473 754 ac
498 680 623 753 nobilis
649 682 778 752 familia
803 704 871 754 non
902 685 981 774 plus
1013 685 1166 757 creditur

88 807 271 880 Socraticis
289 803 481 897 disciplinis
498 803 687 896 profecisse
700 825 807 895 quam
820 802 986 875 moribus.
1004 803 1167 878 Vivacius

88 927 123 1000 in
143 930 258 1000 anima
283 926 457 1019 estquod
482 945 546 1018 por
569 927 704 1008 ocuioS,
730 946 836 1017 quam
862 926 955 1018 quod
980 947 1044 1019 per
1062 948 1167 1000 aures

88 1050 218 1121 introit.
241 1049 349 1119 Morae
365 1059 481 1119 autem
502 1068 591 1119 meae
612 1056 749 1141 tempus
771 1047 942 1119 moderari
968 1050 1168 1120 vocantium

91 1174 159 1244 erit
178 1170 323 1242 arbitrii.
349 1169 513 1259 Auguror
539 1191 625 1241 sane
651 1170 896 1262 Imperatorem
922 1180 1079 1242 nostrum
1101 1173 1169 1245 cito

91 1290 174 1362 mihi
194 1289 460 1375 valedicturum,
488 1291 519 1361 si
544 1291 697 1383 cogitare
722 1291 867 1382 eoeperit
891 1298 1058 1384 quantum
1083 1293 1170 1364 mihi

90 1413 256 1509 deinceps
275 1410 440 1506 expediat
457 1411 504 1483 de
527 1434 583 1483 me
608 1413 684 1506 ipso
708 1413 822 1504 deque
847 1414 953 1485 altera
979 1415 1052 1485 vita
1076 1417 1172 1506 cogi-

93 1545 221 1608 tantem
242 1536 287 1608 ad
306 1535 529 1627 Imperatoris
546 1534 688 1608 aetherei
706 1534 917 1629 stipendium
936 1557 992 1607 me
1007 1539 1173 1608 transier-

92 1679 141 1729 re.
158 1656 265 1730 Acne
279 1659 366 1728 forte
379 1655 575 1729 tarditatem
596 1668 754 1749 stupeas,
777 1679 907 1728 morem
924 1659 1016 1733 nosti
1039 1676 1170 1734 meunt

91 1796 161 1847 nou
180 1786 218 1846 tu
238 1775 458 1848 hirundinem
467 1777 555 1847 coelo
574 1778 758 1860 volantem,
772 1797 842 1847 non
858 1797 1004 1848 cervum
1024 1776 1059 1846 in
1075 1798 1171 1847 mon-

94 1896 187 1968 tibus
206 1898 401 1980 salientem,
423 1895 488 1968 sed
507 1907 700 1990 reptantem
720 1919 799 1969 cum
818 1897 937 1968 labore
960 1897 1177 2016 testudinem

95 2016 274 2110 cogitabis.

217 2152 395 2230 Mediolani,
411 2161 472 2218 iili.
489 2161 628 2219 Kalendas
642 2165 755 2234 Aprilis.

513 2592 687 2656 EPISTOLA
715 2595 759 2657 xl.

95 2760 288 2812 FRANGISGUS
309 2759 478 2811 aursnoda
498 2760 631 2810 tontum
644 2760 846 2810 Puuuasfflusl
864 2760 1033 2811 caoslulco
1050 2762 1075 2809 S.
1096 2762 1123 2810 P.
1142 2763 1172 2811 Ι).

296 2901 379 2958 Nefas
391 2917 453 2957 csse
471 2900 500 2956 iu
515 2899 608 2956 iudaea
622 2906 783 2973 equestrem
797 2899 961 2972 dignitatem

421 2989 514 3044 aureis
528 2988 678 3045 calcaribus
693 2995 843 3045 ostentare.

193 3225 284 3296 Maio
304 3227 485 3297 consilium
511 3248 615 3319 quam
643 3235 797 3322 satyram
824 3245 937 3295 meam
965 3224 1073 3313 legas.
1102 3222 1174 3291 Hoc

93 3348 186 3419 enim
213 3366 333 3416 amore
357 3347 507 3437 ingenuo
531 3350 670 3440 pienum
695 3359 765 3419 est:
793 3347 865 3428 ilia,
894 3355 931 3415 ut
956 3351 1038 3415 sunt
1059 3362 1174 3413 mores

93 3467 269 3561 animique
281 3465 468 3551 hominum,
482 3466 561 3540 odio
574 3490 643 3539 non
656 3477 768 3539 vacat.
778 3467 935 3539 Proiecto
948 3476 1064 3537 autem
1078 3463 1175 3555 quod

95 3612 164 3662 non
180 3586 255 3660 fleri
276 3590 432 3671 consulo,
452 3588 481 3659 si
502 3585 629 3661 iactum
648 3588 716 3660 erit
736 3609 898 3680 arguam,
917 3586 1012 3680 qnod
1028 3608 1072 3656 ne
1085 3586 1175 3656 acci-

95 3711 164 3797 dat,
188 3713 256 3783 iam
277 3711 357 3782 hine
374 3709 458 3779 mihi
476 3708 606 3802 tibique
624 3710 877 3802 providendum
893 3718 958 3779 est.
973 3707 1083 3798 Magis
1096 3708 1175 3800 qui-

96 3831 175 3904 dem
196 3812 297 3926 cupio
317 3832 441 3903 millies
462 3842 496 3904 te
515 3830 692 3903 laudatum
714 3853 819 3924 quam
840 3830 1090 3923 reprehensum
1117 3850 1174 3902 so-

97 3958 177 4038 mei,
200 3957 361 4049 idemque
379 3966 413 4027 te
429 3967 550 4049 optare
567 3975 636 4024 non
657 3974 735 4025 sum
752 3952 899 4026 dubius:
919 3953 1008 4023 solet
1026 3953 1118 4023 euim
1136 3961 1174 4023 ut

97 4076 219 4166 gloria,
242 4077 294 4150 sic
311 4089 346 4149 et
364 4077 487 4170 gtoriae
505 4071 677 4170 cupiditas
697 4073 863 4147 virtutem
884 4072 996 4165 sequi.
1013 4070 1068 4143 Ad
1086 4072 1174 4165 hanc
