2834 5086
165 687 204 750 80
497 701 538 750 Dll
558 699 658 750 REDUS
678 700 901 753 reuertentes

165 834 317 928 loquitur
340 836 435 928 quod
453 847 549 908 certe
569 838 795 909 meminerim.
821 838 865 908 Et
886 837 915 909 si
935 835 1019 930 quid
1040 837 1127 906 torte
1151 856 1235 906 con·

167 969 217 1028 tra
242 958 369 1030 Christi
395 957 587 1031 doctrinam
613 963 836 1054 loquemini,
862 959 898 1032 id
923 981 1028 1032 unum
1050 967 1118 1042 est,
1138 957 1235 1050 quod
1335 1037 1337 1040 ,

165 1103 228 1154 nec
260 1083 435 1165 Ciceroni,
466 1106 530 1154 nec
562 1084 738 1156 Aristoteli
769 1082 961 1168 crederem,
994 1104 1059 1153 nec
1089 1082 1234 1151 Platoni.

165 1202 309 1287 Quando
328 1206 421 1278 enim
447 1206 575 1278 homini
600 1206 801 1290 crederem,
826 1208 888 1300 qui
914 1228 977 1278 nec
1005 1206 1129 1295 angelo
1160 1225 1238 1276 cre-

164 1326 302 1400 diturus
325 1329 392 1399 sim
416 1327 616 1423 Apostolico
640 1330 784 1401 consilio
812 1331 920 1399 lretus
944 1327 1004 1398 ubi
1028 1326 1077 1397 ait
1100 1324 1146 1397 ad
1169 1323 1238 1398 Ga-

164 1450 268 1523 latas:
297 1448 366 1522 Sed
393 1451 468 1520 licet
490 1472 549 1520 uus
572 1463 632 1520 out
661 1452 800 1539 unqelur
823 1448 864 1517 de
887 1452 968 1520 coelo
992 1447 1238 1535 evunqelizoret

165 1575 254 1645 vobis
279 1588 401 1666 proter
429 1596 527 1663 quom
550 1571 636 1663 quod
659 1574 957 1662 euuoqelizooimus
981 1573 1073 1641 oolla
1100 1571 1236 1640 anade-

164 1719 220 1766 mu
243 1698 308 1767 rit?
331 1696 427 1766 Neve
450 1717 472 1766 a
496 1696 660 1766 Cicerone
684 1693 878 1784 digrediar,
906 1714 999 1787 saepe
1020 1696 1076 1765 ille
1095 1691 1235 1785 quidem

166 1820 255 1891 Deos
273 1819 426 1890 nominat
451 1817 568 1888 seculi
595 1817 649 1888 sui
670 1837 802 1888 morem
823 1837 991 1907 sequens:
1011 1817 1097 1908 quin
1114 1824 1149 1886 et
1173 1836 1237 1886 vo-

167 1940 296 2011 lumine
320 1940 454 2028 integro
471 1940 622 2009 Deorum
641 1949 798 2009 naturam
825 1947 960 2023 tractat,
987 1936 1046 2008 ubi
1072 1938 1101 2009 si
1123 1939 1237 2010 acrius

167 2056 373 2142 attendatur,
397 2059 546 2131 Deorum
565 2060 698 2131 turbam
718 2069 754 2131 et
773 2062 888 2132 inania
914 2061 1053 2132 nomina
1072 2081 1142 2132 non
1168 2071 1238 2132 tam

167 2179 318 2253 celebrat
342 2203 445 2273 quam
473 2180 591 2253 irridet
610 2203 651 2253 ac
670 2182 811 2273 detegit.
838 2184 882 2253 Et
900 2196 992 2256 certe
1012 2182 1072 2254 ubi
1092 2206 1139 2255 ex
1160 2205 1239 2275 pru-

168 2304 280 2395 posito
300 2305 467 2398 loquitur,
488 2327 593 2374 unum
621 2303 731 2374 Deum
750 2326 901 2397 eumque
926 2306 1116 2399 principem
1137 2327 1239 2376 mun-

168 2426 273 2519 dique
291 2439 458 2497 rectorem
477 2439 590 2497 vocat.
607 2426 652 2495 Et
672 2424 766 2509 licet,
789 2435 826 2496 ut
846 2446 941 2519 saepe
961 2427 1036 2496 dixi
1052 2436 1088 2497 et
1104 2428 1237 2522 scripsi,

168 2552 255 2621 sorte
276 2559 434 2641 paratum
454 2547 591 2618 veritati
608 2548 798 2642 perieulum
817 2546 966 2627 timeret,
985 2546 1110 2616 alicubi
1125 2558 1239 2618 tamen

169 2672 318 2761 ingenue
339 2672 454 2741 lassus
484 2680 540 2742 est
570 2692 639 2740 non
671 2670 858 2742 convenire
889 2665 1094 2762 philosopho
1124 2666 1239 2737 dicere

169 2794 261 2864 Deos
280 2815 370 2865 esse.
393 2794 477 2878 Quis
498 2795 581 2866 mihi
599 2795 704 2887 igitur
724 2813 819 2865 verae
835 2792 916 2865 fidei
933 2791 1083 2863 obiicere
1103 2789 1241 2860 Cicero

170 2940 248 2988 nem
282 2930 411 2991 statuat
447 2931 485 2991 ut
509 2919 610 3013 quasi
632 2918 815 3012 peregrini,
837 2919 894 2989 vel
915 2915 1009 3009 quod
1029 2913 1170 2985 maioris
1190 2913 1242 2983 in-

171 3043 280 3113 scitiae
309 3043 354 3114 sit
382 3042 509 3115 inimici
538 3044 689 3114 nominis
722 3041 849 3113 conllet
870 3041 1061 3112 invidiam‘l
1081 3036 1242 3108 Christus

170 3164 330 3254 equidem
352 3168 446 3236 Deus
466 3177 601 3235 noster:
636 3166 756 3233 Cicero
789 3175 905 3232 autem
938 3158 1048 3229 nostri
1078 3158 1240 3252 princeps

171 3285 307 3373 eloquii.
332 3285 476 3355 Diversa
498 3289 619 3356 fatear:
642 3285 792 3354 adversa
817 3304 952 3372 negem.
981 3280 1142 3352 Christus
1163 3303 1243 3352 ver-

172 3405 253 3477 bum
274 3412 330 3475 est
347 3417 382 3474 et
398 3406 511 3475 virtus
532 3417 568 3475 et
587 3404 756 3498 sapientia
774 3405 834 3472 Dei
851 3403 975 3473 Patris:
994 3403 1114 3476 Cicero
1134 3406 1242 3475 multa

172 3529 217 3598 de
238 3525 424 3599 verborum
441 3535 528 3609 arte,
549 3525 663 3619 deque
680 3524 868 3596 virtutibus
885 3537 920 3596 et
936 3525 1088 3597 humana
1106 3527 1243 3620 sapien-

174 3652 220 3721 tia
240 3653 403 3742 loquutus
427 3659 495 3732 est,
522 3671 608 3721 vera
635 3649 753 3741 utique
778 3646 963 3719 etidcirco
989 3648 1145 3720 veritatis
1171 3650 1243 3720 Deo

174 3773 397 3863 ubsqueulla
416 3772 629 3845 dubitatione
663 3772 870 3865 gratissima.
905 3771 989 3841 Cum
1022 3772 1115 3841 enim
1150 3773 1243 3842 Deus

174 3897 304 3967 veritas
320 3895 403 3967 viva
424 3897 480 3966 sit:
502 3917 595 3979 cum,
626 3886 662 3966 ut
687 3895 735 3965 ait
759 3907 856 3986 pater
876 3892 1113 3986 AugustinuS,
1141 3915 1243 3964 omne

177 4041 294 4091 verum
317 4041 338 4090 a
358 4018 505 4088 veritate
525 4038 647 4088 verum
673 4017 732 4101 sit,
761 4016 853 4089 haud
877 4015 982 4089 dubie
1006 4014 1175 4109 quidquid
1200 4013 1245 4084 ab

178 4145 245 4217 ullo
265 4164 387 4213 verum
410 4141 547 4224 dicitur,
565 4164 584 4212 a
601 4143 673 4212 Deo
698 4150 762 4212 est.
789 4140 963 4211 Christum
991 4142 1112 4222 fateor,
1139 4157 1245 4210 nosse

175 4287 243 4337 non
265 4264 375 4359 putuit
394 4267 495 4357 paulo
514 4278 595 4336 ante
615 4263 721 4336 rebus
742 4264 904 4335 humanis
924 4275 1117 4355 exemptae,
1140 4283 1245 4353 quarn

177 4389 334 4462 Christus
367 4390 458 4481 Deus
490 4388 593 4460 homo
625 4387 733 4459 tieret.
764 4386 891 4458 Flenda
926 4406 1049 4476 nempe
1067 4384 1133 4455 viri
1156 4404 1246 4454 sors.

179 4514 264 4590 Nam
284 4522 323 4582 ut
339 4513 495 4586 altissimi
514 4523 550 4583 et
565 4510 673 4580 divini
693 4529 837 4601 prorsus
854 4512 966 4578 lucrat
983 4505 1123 4598 ingenii,
1144 4503 1172 4576 si
1194 4505 1247 4575 vi·
