2670 4688
327 293 420 343 LIBER
441 289 946 342 obmutescemus-semrom
967 290 1020 339 tt11.
1171 275 1209 337 99

131 452 262 515 semus,
287 433 354 502 nisi
372 430 559 523 desperata
577 426 673 521 prius
689 448 796 519 quam
815 437 945 498 tentata
965 426 1207 520 liquissemus.

134 553 220 634 Fuit,
244 563 282 623 ut
301 553 394 624 lame
414 560 484 634 est,
514 559 551 621 et
569 547 630 643 qui
648 550 775 620 ooelum
788 550 1065 642 pennispeteret,
1087 560 1123 620 et
1148 552 1209 643 qui

132 672 388 744 subdentibus
414 673 565 743 animem
592 682 828 743 conservaret.
850 671 940 742 Raro
966 680 1061 752 sunt,
1087 675 1207 743 fatcor.

132 795 201 868 Sed
220 795 347 866 talibus
364 794 594 876 delectamur,
616 793 827 885 omninoque
851 791 1027 864 fastidium
1048 795 1210 886 trequen-

133 919 196 1000 tia,
223 915 490 987 delectationem
523 913 648 985 rarites
678 913 778 1005 parit.
811 911 930 984 Habes
961 935 1031 984 non
1064 934 1208 1008 parvam

130 1038 297 1133 propositi
319 1038 388 1108 mei
407 1048 563 1130 partem,
583 1035 640 1107 oni
661 1036 748 1107 illud
764 1034 963 1107 addendum
979 1043 1045 1121 est,
1061 1037 1157 1129 quod
1173 1038 1210 1109 in

131 1160 198 1232 hac
218 1159 386 1252 parcitate
412 1158 580 1250 temporis
599 1156 798 1247 Augustum
811 1176 976 1250 sequens,
990 1169 1025 1229 et
1043 1157 1132 1229 inter
1151 1179 1210 1230 co-

132 1281 297 1353 meudum
317 1280 584 1374 radendumque
604 1282 720 1371 legere
737 1287 800 1351 eut
820 1277 987 1363 seribere,
1008 1287 1071 1353 aut
1089 1282 1210 1373 legen-

131 1414 185 1475 tes
198 1403 331 1487 audire,
343 1412 381 1476 et
400 1401 640 1476 scribentibus
656 1400 788 1474 dictare
800 1403 910 1474 soleo.
923 1403 1074 1496 thuod
1093 1424 1208 1496 neque

130 1526 175 1599 de
205 1529 281 1622 ipso
312 1549 430 1620 neque
462 1527 509 1599 de
538 1527 607 1598 atio
639 1525 735 1618 quod
767 1525 984 1597 meminerim
1010 1528 1096 1618 legi,
1119 1527 1208 1599 inter

129 1648 356 1743 equitandum
379 1648 663 1740 coenandumque
682 1647 775 1720 idem
793 1650 908 1719 lacere
920 1648 1208 1722 consuetudinem

130 1774 209 1845 teci:
242 1773 361 1865 itaque
392 1792 499 1866 saepe,
517 1771 612 1864 quod
631 1768 824 1854 miraberis,
846 1792 938 1864 equo
959 1770 1087 1845 sedens
1113 1771 1207 1842 viam

130 1896 235 1966 slmul
246 1914 457 1987 carmenque
474 1894 659 1988 complevi,
672 1901 709 1964 et
724 1891 808 1964 dum
826 1897 947 1988 procul
964 1892 1009 1964 ab
1025 1894 1206 1965 hominum

129 2016 243 2089 turbis
264 2038 357 2100 sum,
379 2017 414 2086 in
435 2018 603 2088 alterutro
614 2016 780 2089 Helicone
793 2029 929 2102 nostro,
947 2016 1014 2087 nisi
1030 2016 1207 2109 peregrini

128 2142 290 2213 convivae
310 2147 493 2231 respectus
513 2137 695 2231 impediat,
718 2158 857 2232 semper
872 2141 1028 2211 calamus
1046 2150 1206 2231 agrestes

128 2263 220 2334 inter
238 2263 361 2357 epulus
381 2261 525 2344 eminet,
547 2283 611 2333 neo
631 2263 700 2331 ulle
718 2260 800 2332 mibi
822 2282 946 2334 mensa
962 2262 1039 2333 sine
1057 2261 1207 2354 pugilla-

129 2384 228 2455 ribus
266 2383 402 2454 tabellis
441 2384 636 2456 instruitur.
672 2386 776 2476 Saepe
809 2386 914 2455 etiam
951 2395 1055 2457 noete
1092 2384 1206 2457 medin

129 2511 370 2593 experrectus,
397 2504 509 2594 sopito
526 2504 665 2585 lumine,
686 2515 767 2574 onte
792 2506 907 2575 omnia
933 2507 1107 2597 pulvinari
1132 2507 1206 2578 hae·

130 2631 265 2693 rentem
277 2622 449 2692 calamum
464 2622 606 2716 arripui,
629 2632 664 2692 et
680 2644 725 2692 ne
744 2635 912 2716 concepta
927 2625 1132 2711 defluerent,
1152 2629 1205 2697 in-

130 2753 184 2815 ter
205 2739 366 2848 tenebras
392 2742 532 2835 scripsi,
559 2742 654 2836 quod
681 2764 824 2814 reversa
850 2745 925 2816 luce
950 2745 1014 2815 vix
1038 2747 1204 2836 legerem.
1291 2735 1294 2742 ’

127 2869 190 2943 flae
211 2876 293 2939 sunt
317 2886 414 2938 curae
441 2887 541 2938 meae.
562 2865 822 2940 Gloriabnudus
850 2870 937 2940 torte
957 2868 1035 2940 aliis
1060 2870 1204 2941 visurus

127 2989 207 3075 sim;
229 3002 266 3063 tu
284 2991 317 3063 in
335 2993 402 3064 hoc
419 2989 577 3064 familiari
598 2992 772 3084 colloquio
791 2990 899 3063 vitam
920 3002 1027 3086 etque
1048 2994 1204 3063 animum

126 3136 243 3185 meum
263 3135 401 3200 cernes,
423 3125 459 3187 et
478 3115 652 3207 intelliges
672 3137 729 3186 me
749 3136 796 3187 ex
816 3115 873 3186 bis
892 3116 1061 3209 pudorem
1087 3117 1204 3208 potius

126 3244 267 3329 capture
299 3259 403 3329 quarn
426 3238 589 3328 gloriam,
610 3237 707 3330 quod
728 3238 858 3308 scilicet
878 3236 944 3306 hac
968 3245 1072 3306 aetate
1098 3236 1202 3307 ullam

126 3355 229 3426 aliam
249 3378 355 3448 quam
382 3358 508 3429 animae
533 3380 654 3429 curam
680 3378 812 3449 geram.
835 3358 891 3429 Sic
911 3377 989 3428 sum
1012 3365 1142 3436 tomen,
1169 3365 1205 3426 et

126 3475 210 3547 mibi
245 3478 438 3570 persuadeo
471 3481 598 3551 nnimae
630 3481 735 3552 etiam
766 3481 948 3573 protutura
967 3496 1048 3570 quae
1069 3477 1201 3548 molior.

125 3599 282 3671 Procedo
300 3600 393 3671 enim
414 3624 493 3672 cum
515 3604 685 3686 securior,
714 3614 787 3676 tum
813 3603 939 3684 laetior,
965 3599 1131 3692 quodque
1155 3602 1204 3672 ait

125 3722 195 3806 ille,
218 3721 373 3814 quotidie
393 3722 533 3796 discens
553 3724 684 3818 aliquid
698 3746 855 3798 seneseo.
871 3725 916 3792 Et
935 3721 1031 3815 quid,
1053 3722 1200 3815 inquies,

124 3845 194 3916 iam
215 3843 421 3918 discendum
441 3849 592 3918 censes?
620 3850 726 3919 Multa
752 3846 913 3940 quidem:
933 3845 1030 3916 disco
1054 3847 1201 3937 qualiter

124 3977 248 4060 sponte
267 3991 345 4041 mea
366 3969 503 4041 iuvenis
524 3989 605 4040 esse
627 3969 694 4041 iam
715 3970 885 4053 desinam,
900 3980 935 4040 et
947 3967 1044 4061 quod
1065 3988 1201 4058 semper·

123 4092 249 4184 cupide
267 4093 385 4179 didici,
408 4115 643 4185 necunquam
665 4094 767 4164 nimis
793 4091 952 4175 discitur,
975 4091 1072 4161 disco
1100 4109 1201 4159 seno-
