2670 4688
132 234 171 295 to
300 250 308 271 ·
336 232 341 243 ’
464 250 505 298 nr
526 250 626 301 aeuus
647 250 867 302 enuntiamus

131 382 254 476 patriae
288 380 458 455 reddidit?
491 385 603 470 Quem
636 388 800 460 virtutem
834 387 967 483 stupuit
998 386 1134 473 bostis,
1171 410 1217 463 ac

130 505 218 577 civis
246 526 348 601 aeque
364 508 494 581 bonore
513 521 550 581 et
565 510 709 605 praemio
724 508 867 602 dignam
883 509 995 582 duxit
1013 508 1106 594 Quis
1123 512 1214 585 Cor-

129 628 252 701 neliam
274 628 422 702 Africani
442 629 546 704 filiam
563 630 797 704 Gracchorum
818 632 986 704 matrem?
1005 629 1098 715 Quae
1117 632 1214 705 duo-

127 749 239 825 decim
260 750 341 824 filiis
362 754 485 848 partim
510 752 647 837 morbo,
669 753 793 846 partim
814 755 907 825 icrro
925 752 1090 840 amissis,
1117 778 1213 850 quo-

128 898 203 949 rum
223 877 432 951 fortissimos
459 878 657 949 interfectos
682 897 704 947 a
724 878 851 969 populo
874 889 980 970 atque
999 876 1212 953 inhumatos

125 1011 160 1073 ot
184 1000 220 1072 in
245 1000 395 1073 Tiberim
422 999 575 1071 abiectos
599 999 711 1069 oculis
736 1000 811 1071 suis
839 999 916 1095 ipsa
950 1016 1208 1095 conspexerat,

123 1133 253 1196 tantam
279 1123 414 1193 ruinam
436 1134 540 1214 atquc
559 1122 742 1195 orbitatem
762 1122 883 1193 viriles
902 1143 1043 1217 quoque
1061 1124 1208 1200 animos

123 1266 374 1319 concussurum
397 1254 465 1314 tam
487 1245 615 1317 invicte
636 1246 783 1338 pertulit,
807 1258 843 1318 ut
860 1246 962 1317 nullis
980 1248 1208 1340 comploran-

124 1370 207 1440 tium
231 1378 466 1438 matronarum
484 1368 622 1440 lletibus
644 1369 759 1441 induci
780 1379 909 1463 posset,
928 1370 1012 1462 quiu
1033 1390 1076 1441 se
1095 1370 1206 1443 mise-

127 1513 213 1574 ram,
234 1487 297 1559 scd
317 1489 449 1559 felicem
470 1488 694 1584 diceretquae
709 1493 795 1563 tales
817 1490 905 1563 filios
922 1492 1132 1584 genuisset?
1145 1496 1206 1567 lli-

123 1632 203 1701 gna,
223 1632 278 1681 me
296 1610 418 1696 iudice,
438 1614 571 1698 mulier,
586 1634 667 1708 quae
686 1616 773 1687 tales
791 1626 938 1708 pareret,
957 1613 1105 1707 indigue
1120 1636 1202 1711 qute

124 1733 298 1827 perderet.
320 1733 408 1818 Quis
427 1736 566 1806 Catonis
593 1738 764 1822 Martiam,
787 1759 891 1831 quam
917 1748 1075 1809 sanctam
1098 1750 1201 1815 vocat

123 1856 335 1950 antiquitas?
349 1858 437 1941 Quis
456 1856 559 1930 huius
577 1869 693 1931 natam
711 1861 877 1946 Porciam,
895 1880 977 1954 quae
999 1861 1068 1932 viri
1086 1874 1197 1937 morlo

123 1980 288 2066 nuntiata,
309 2004 354 2052 ne
375 1980 422 2049 illi
443 1983 695 2071 superviveret,
716 1983 799 2075 quia
820 2004 975 2076 praesens
995 1986 1079 2056 ferri
1101 1987 1195 2083 copia

123 2124 192 2174 non
209 2115 296 2189 crat,
311 2104 403 2175 vivis
416 2125 477 2174 ore
494 2102 703 2175 carbonibus
720 2104 904 2198 absorptis,
922 2106 989 2177 viri
1006 2108 1064 2180 sui
1079 2132 1202 2185 amau·

123 2226 293 2299 tissimum
326 2240 362 2298 ct
395 2226 494 2320 sequi
527 2238 768 2321 properantem
803 2229 960 2322 spiritum
993 2232 1202 2307 exhalavit?

121 2350 247 2423 lllultae
269 2352 383 2423 sciens
399 2350 595 2442 volensque
614 2359 791 2444 praetcreo,
812 2352 987 2446 praecipue
1005 2352 1068 2425 tibi
1088 2360 1201 2432 notis·

123 2470 244 2559 simas,
259 2494 280 2545 c
297 2473 492 2567 virginibus
517 2473 662 2560 nostris,
687 2495 769 2569 quae
788 2498 856 2548 non
881 2495 945 2570 pro
967 2478 1122 2551 terrenis
1149 2482 1201 2555 ai-

120 2594 285 2682 loctibus,
307 2596 370 2669 sed
396 2599 620 2695 propietate,
647 2620 710 2694 pro
735 2602 896 2685 veritate,
924 2621 988 2694 pro
1012 2603 1197 2692 castitate,

121 2738 185 2817 pro
204 2718 284 2807 ddo,
302 2742 366 2815 pro
385 2732 527 2794 aeteruae
546 2724 629 2794 vitae
649 2721 826 2794 desiderio
844 2725 972 2795 teneris
991 2728 1199 2819 corporibus

120 2842 268 2921 fortibus
290 2844 416 2916 animis
435 2843 522 2917 dura
538 2849 647 2918 tulero
662 2845 842 2939 supplicia,
864 2847 971 2921 duras
990 2862 1137 2923 mortes.
1154 2854 1203 2927 Et

124 2972 232 3045 bicor
250 2967 284 3041 in
309 2966 364 3039 bis
390 2965 474 3059 ipsis
495 2966 539 3038 de
564 2966 734 3040 industria
756 2969 879 3060 longus
905 2993 998 3055 sum,
1023 2983 1060 3044 ut
1086 2994 1201 3050 sexus

124 3092 180 3171 cui
199 3088 397 3167 iulbtnaudo
414 3088 619 3182 scriptorum
640 3090 746 3182 aliqui
766 3092 940 3177 studuere,
959 3095 1200 3194 qualicunque

125 3218 212 3303 stilo,
225 3236 311 3291 voro
321 3222 425 3297 corte,
440 3212 475 3283 ni
491 3214 731 3309 latiomorum
745 3216 940 3290 testimonio
957 3231 1102 3291 ornatus
1118 3222 1200 3297 leu-

126 3344 361 3421 dutususrom
379 3350 477 3435 purte
493 3360 561 3408 nou
579 3349 705 3411 cureat.
724 3340 852 3413 Verum
871 3352 909 3413 ut
925 3342 959 3412 in
977 3365 1114 3417 summo
1130 3369 1200 3441 pe-

130 3468 209 3543 dum
233 3466 349 3563 figam,
383 3476 487 3557 thuo
511 3464 704 3556 praelustris
723 3464 881 3557 Augusta
906 3488 984 3538 cum
1018 3469 1197 3547 altissima

133 3585 527 3667 connumerationis
547 3583 686 3655 soeruina
707 3586 883 3674 dimittam,
902 3611 983 3682 quae
1004 3590 1117 3661 virtus
1135 3592 1200 3663 Li-

138 3718 214 3791 rin.
236 3734 316 3813 que
340 3712 509 3791 maiestas,
536 3726 617 3802 qum
643 3710 772 3799 gloria?
791 3714 875 3784 llaec
895 3714 987 3804 apud
1014 3714 1195 3789 Caesarcm

146 3844 329 3935 lquo-
344 3860 423 3915 oum
443 3831 549 3909 tonuit
569 3831 680 3902 locum
698 3853 801 3922 quem
826 3844 862 3904 tu
883 3834 984 3905 bodio
1002 3834 1094 3929 apud
1111 3836 1195 3910 eius

153 3962 547 4041 milecotam
562 3965 718 4027 nostrum
737 3966 843 4036 tonos
863 3976 931 4025 non
949 3956 1036 4027 thori
1055 3966 1193 4032 tuntum

165 4080 609 4185 ⁴dl-fltniuuquuuitu
621 4074 802 4171 particeps,
817 4074 961 4149 facunda
973 4090 1052 4150 anto
1066 4099 1193 4152 omnes
