2670 4688
124 244 183 302 Μ
463 255 503 301 ΒΕ
525 254 625 302 REBUS
646 253 866 302 Ftttltlttttuus

125 403 328 494 Apostolum
346 404 491 472 Paolum
511 424 578 474 oon
598 401 700 474 modo
717 402 829 471 innuit
846 398 910 472 sed
926 403 1070 472 latetur.
1089 401 1207 493 Neque

125 522 184 592 tibi
204 521 315 594 videri
341 525 498 615 potuisse
519 524 619 595 aliter
644 533 761 595 certus
782 544 861 593 sum
881 522 949 593 illis
976 531 1051 592 tam
1078 524 1208 593 sanctis

123 667 164 713 ac
183 645 384 716 coelestibus
406 645 545 717 monitis
566 667 684 717 aurem
708 665 777 716 non
798 643 958 736 neganti,
983 641 1208 736 oblatamque

123 766 290 837 divinitus
323 767 510 838 amicitiam
535 768 753 860 comple103.
774 788 880 858 quam
911 766 1046 837 utinam
1081 767 1207 837 arctius

124 888 303 961 tenuisses
324 911 368 960 ne
385 887 603 960 divellereris
624 887 659 956 iu
678 886 799 972 linem,
816 897 855 959 ut
870 910 951 959 cum
969 888 1029 958 illo
1051 909 1208 983 praeoone

122 1012 279 1083 veritatis
296 1034 361 1105 pro
381 1010 528 1082 veritate
545 1010 621 1102 ipsa
640 1018 676 1079 et
696 1032 760 1104 pro
776 1008 899 1082 aelerni
918 1010 1044 1102 praemi
1062 1009 1206 1104 promis-

124 1138 237 1220 sione,
261 1134 417 1227 tantiquc
437 1130 660 1224 promissoris
680 1151 745 1222 pro
763 1132 903 1203 nomine
920 1115 1123 1203 morereris.
1143 1129 1207 1201 Sed

122 1279 334 1352 progressus
368 1277 446 1327 sum
479 1256 618 1345 longius
648 1252 786 1324 dicendi
817 1253 960 1346 impetu,
988 1264 1025 1324 et
1055 1251 1207 1343 intelligo

122 1403 179 1452 me
204 1382 250 1453 ad
279 1381 355 1450 haec
375 1376 555 1447 exaranda
574 1375 687 1448 serius
708 1375 938 1471 processisse,
954 1396 1067 1468 quam
1085 1387 1126 1447 ut
1142 1375 1207 1446 ulla

124 1500 342 1593 tempestivae
361 1496 472 1587 frugis
489 1518 571 1589 spes
592 1505 767 1590 appareat.
789 1497 970 1568 AEternum
992 1497 1089 1590 nale.
1111 1493 1208 1590 Apud

122 1642 270 1715 superos
287 1622 323 1690 in
334 1619 443 1689 Gallia
461 1619 635 1710 Cisalpina
651 1620 741 1690 inter
755 1619 930 1691 sinistram
943 1619 1088 1712 rapacis
1099 1616 1208 1689 Entiae

123 1754 158 1817 el
184 1745 346 1817 dextram
367 1740 552 1837 pontilragi
573 1740 710 1811 Parmae
730 1742 851 1836 ripam.
878 1739 1048 1812 Kalendis
1071 1739 1209 1813 Sextilis

122 1890 216 1941 anno
242 1867 287 1941 ab
310 1878 392 1939 ortu
415 1869 492 1934 cius
517 1881 691 1954 queman
713 1874 750 1935 tu
776 1865 842 1936 rite
866 1862 1014 1936 noveris
1040 1853 1208 1937 incertum

123 1993 246 2066 habeo.
268 1984 536 2062 MCCCXLVlll.

625 2177 701 2186 —n-

538 2318 715 2384 EPISTULA
736 2320 781 2382 Vl.

291 2481 486 2532 FlllNClSCl'S
509 2485 677 2549 palmet
698 2486 731 2534 tl.
754 2485 896 2534 vtaltoltl
916 2486 942 2533 S.
961 2486 989 2536 P.
1008 2487 1040 2536 n.

258 2622 358 2693 ingens
372 2626 434 2682 laus
447 2625 522 2695 eius,
539 2633 566 2681 et
580 2627 615 2682 de
629 2628 739 2682 amissis
752 2627 881 2700 operibus
896 2627 1071 2685 lamentatio.

220 2841 264 2910 Ut
289 2855 323 2912 te
347 2866 462 2915 amem
489 2867 530 2915 ac
557 2866 707 2916 venerer
733 2857 792 2917 tua
818 2847 1008 2938 singularis
1032 2854 1156 2929 virtus
1179 2871 1212 2930 et

125 2962 309 3047 industria,
326 2974 422 3033 tuum
441 2986 499 3034 mc
516 2966 888 3039 clarissimumuomen
905 2968 1009 3061 cogit.
1030 2972 1124 3048 Sunt
1135 2980 1212 3071 qui-

124 3086 204 3157 dem
221 3104 309 3179 quos
327 3085 408 3154 licet
424 3085 613 3169 extinctos,
633 3087 881 3178 superstitibus
899 3100 1015 3161 tamen
1027 3089 1213 3170 beneficiis

125 3230 166 3279 ac
191 3206 323 3278 meritis
348 3224 526 3286 amamus3
553 3205 613 3296 qui
640 3207 768 3279 scilicet
794 3211 934 3280 cacteris
958 3226 1155 3307 conspectu
1178 3229 1213 3290 et

125 3331 232 3404 odore
265 3329 418 3421 graviter
448 3327 703 3402 offendentibus
735 3333 802 3424 ipsi
835 3332 1001 3404 doctrinis
1029 3333 1214 3411 instruunt

125 3451 365 3545 exemplisque
377 3450 562 3534 delectant,
576 3455 706 3545 quique
720 3456 801 3526 licet
812 3457 892 3527 hinc
904 3455 1053 3527 abierint
1065 3457 1104 3529 in
1117 3481 1214 3533 com·

126 3592 267 3642 munem
289 3573 415 3653 locum,
436 3580 473 3640 ut
489 3571 537 3640 ait
553 3572 695 3644 Plautus
713 3576 748 3645 in
766 3576 923 3658 Cassina,
946 3585 1061 3649 tamen
1081 3579 1215 3654 absen-

128 3701 179 3762 tes
193 3703 341 3784 prosunt
361 3694 606 3787 praesentibus.
624 3696 675 3765 Tu
688 3697 770 3768 nihil
792 3707 852 3770 aut
870 3698 1043 3772 modicum
1064 3702 1211 3794 prodes,

125 3835 196 3883 non
223 3824 283 3886 tua
307 3814 464 3908 quidem,
492 3816 556 3888 sed
581 3818 696 3888 omnia
722 3822 977 3913 corrumpentis
1002 3822 1071 3891 aevi
1092 3826 1212 3918 culpa.

127 3937 227 4008 AEtas
247 3950 365 4012 nostra
383 3939 491 4013 libros
517 3951 595 4014 tuos
615 3941 776 4035 perdidit.
798 3943 943 4027 Quidni
965 3956 1080 4017 autem
1102 3949 1213 4022 unius

128 4081 350 4136 nummorum
369 4065 539 4139 custodiae
556 4063 735 4137 studiosat
751 4065 836 4146 Quis
852 4086 999 4158 usquam
1019 4070 1146 4142 invisae
1159 4074 1213 4145 rei
