2670 4688
256 310 349 359 nmen
371 276 896 365 vrcrsruusrunrrus.-nrisronn
918 319 969 367 nx.
1090 306 1150 371 tta

71 455 187 525 minus
214 454 333 547 utique
358 455 499 526 taciturn
528 478 599 548 quo
630 458 808 549 loquacior
826 469 882 530 est
906 471 1083 546 senectus,
1111 475 1151 535 ut

70 576 188 648 Catoni
212 575 285 647 seni
310 576 439 670 optimo
467 578 613 649 ridetur.
647 580 748 650 Haud
773 579 881 652 dubie
903 581 1057 657 crebrior
1080 587 1150 658 illio

70 697 151 767 eris.
170 697 304 769 Interea
326 707 419 770 tuam
438 709 569 772 sortem
589 701 638 771 ier
654 700 870 794 aequanimis,
885 725 954 776 non
967 705 1149 780 mediatori

71 830 142 902 tuo,
161 823 223 913 qni
242 819 302 891 tibi
320 831 461 892 strenue
479 845 633 916 vereque
653 819 848 896 militariter
869 847 999 896 morem
1021 827 1147 917 gessit,

68 963 137 1012 non
161 943 253 1025 mihi,
275 944 336 1035 qui
359 943 423 1015 sibi
450 945 612 1038 quamvis
636 944 838 1017 haesitanter
858 949 970 1040 parui,
998 949 1062 1021 sed
1088 949 1149 1019 tibi

67 1063 253 1134 dumtaxat
273 1065 517 1159 imputaturus,
541 1067 676 1159 siquid
697 1068 814 1140 minus
841 1068 1016 1141 inveneris
1040 1091 1146 1162 quam

66 1185 252 1275 sperabas,
276 1198 345 1259 tam
366 1189 466 1260 lacile
491 1189 623 1262 utinam
651 1212 794 1284 compos
824 1212 963 1285 semper
992 1191 1148 1264 omnium

66 1319 245 1392 votorum,
275 1311 338 1383 sed
365 1312 401 1383 in
427 1311 594 1385 electione
619 1313 760 1385 felicior.
788 1315 884 1387 Vale.

207 1475 325 1543 Patavii,
342 1475 389 1530 Vi.
406 1474 473 1530 Idus
488 1475 675 1548 Septembris,
691 1478 760 1532 hora
774 1492 856 1532 nona.

474 1868 652 1935 EPISTULA
673 1870 742 1934 xxt.

143 2038 337 2089 Franclsclts
358 2039 527 2090 ruraliter
549 2038 674 2089 annoto
696 2041 727 2089 lv
749 2038 812 2089 ille.
835 2040 906 2090 tuo.
928 2041 954 2091 S.
977 2041 1005 2091 P.
1028 2042 1057 2090 l).

141 2171 251 2226 Rursus
266 2172 395 2227 hortatur
407 2173 442 2228 ad
456 2171 576 2228 Romani
590 2171 702 2245 Imperii
717 2173 834 2243 gloriam
849 2173 1058 2229 restituendam.

158 2403 289 2474 Fessus
310 2403 477 2495 praeteriti
503 2424 567 2474 nec
592 2405 700 2475 futuri
733 2402 854 2486 fidens,
889 2408 1021 2490 Caesar,
1048 2408 1139 2478 cala·

58 2546 155 2594 mum
177 2525 247 2593 tuis
267 2523 304 2591 in
329 2524 632 2596 exhortationibus
666 2547 754 2618 pene
785 2526 940 2597 attritum
974 2549 1139 2598 recusan-

58 2656 199 2735 temque
230 2665 467 2738 seposueram.
493 2642 563 2714 Alit
587 2645 677 2716 inter
696 2644 916 2716 difficultates
937 2647 1139 2738 refovetque

56 2767 211 2837 animum
234 2789 317 2862 spes
339 2788 540 2850 successus,
569 2788 638 2860 qua
666 2766 816 2849 sublata,
837 2767 917 2861 quis
941 2779 996 2840 est
1016 2789 1137 2840 amens

56 2891 156 2971 adeo,
192 2902 231 2962 ut
263 2915 330 2965 non
365 2891 579 2964 infructuoso
605 2889 714 2963 labori
740 2891 893 2984 requiem
924 2895 1136 2986 anteponat?

55 3015 100 3084 Ut
120 3014 165 3084 ad
187 3015 302 3084 stilum
325 3014 466 3087 redeam
489 3015 593 3086 Sacer
612 3011 720 3087 Amor
739 3014 841 3105 cogit,
864 3013 941 3085 sive
960 3014 1060 3086 miles
1080 3013 1136 3084 hic

55 3147 137 3206 tuos
159 3134 263 3204 huius
290 3135 455 3221 neminie,
487 3136 562 3208 sive
595 3135 653 3207 ille
687 3157 785 3207 sacer
811 3135 917 3207 animi
937 3137 1048 3218 calor,
1075 3135 1135 3226 qui

53 3254 140 3328 mihi
161 3278 181 3325 a
203 3255 405 3347 parentibus
426 3257 566 3329 relictus
587 3268 692 3351 atque
712 3280 797 3350 erga
819 3269 911 3330 tuam
934 3277 1072 3350 semper
1086 3277 1134 3327 ex

52 3401 124 3475 quo
145 3377 227 3449 milri
253 3379 402 3469 primum
424 3391 527 3449 notus
547 3399 601 3459 es,
622 3401 707 3471 erga
726 3400 809 3451 vero
825 3379 971 3449 Romani
992 3377 1131 3470 Imperii

52 3502 272 3573 maiestatem
305 3499 351 3569 ab
384 3499 526 3570 infantia
557 3501 723 3584 nutritus,
760 3501 794 3569 in
815 3499 1018 3596 praecordiis
1045 3496 1132 3570 meis

10 3615 13 3619 ’
52 3623 152 3705 vivit,
172 3633 207 3693 et
228 3625 261 3693 in
282 3620 359 3694 dies
379 3621 513 3704 crescit,
538 3621 614 3693 sive
634 3616 729 3714 quod
749 3637 804 3694 ost
820 3622 952 3706 verius,
972 3630 1129 3713 uterque.

50 3746 136 3817 Nam
158 3768 272 3838 neque
290 3767 390 3817 meus
408 3767 514 3828 amor,
538 3757 588 3817 tot
609 3747 676 3814 iam
698 3744 908 3817 clamoribus
929 3751 1049 3834 totque
1070 3764 1132 3815 co·

50 3867 189 3939 natibus
210 3868 365 3960 perditis,
401 3869 492 3938 ultro
517 3866 561 3937 ad
588 3864 740 3938 laborem
768 3866 923 3938 inutilem
950 3863 1126 3947 rediisset;

49 4010 165 4081 neque
202 3990 259 4060 hio
296 3990 405 4075 miles,
448 3990 612 4082 quamvis
650 3988 782 4059 amicus
819 3996 855 4058 et
890 3987 1062 4059 socundus
1092 3999 1129 4061 et

47 4109 189 4204 sapiens
210 4133 266 4183 me
289 4111 473 4198 movisset,
497 4109 563 4182 nisi
584 4111 678 4182 intus
699 4109 733 4179 in
754 4109 870 4182 anima
890 4108 993 4181 vivas
1012 4109 1127 4183 adhuc
