2670 4688
177 225 217 288 30
520 243 560 292 nu
581 241 681 293 nurus
704 240 925 292 rnuuunmvs

177 381 299 450 altiore
334 380 473 472 fastigio
505 381 645 452 exulem
677 390 781 470 atque
814 380 968 473 inopem,
1001 378 1065 451 sed
1099 380 1263 454 modesto

177 501 284 586 victu,
303 511 403 574 veste
416 501 550 587 hunni,
575 499 848 591 submoturoque
868 501 931 571 vix
950 499 1096 572 imbrem
1115 512 1208 574 tecto
1223 518 1264 575 et

178 623 249 694 iare
270 646 413 716 prorsus
432 624 563 716 exiguo
583 631 799 706 contentum,
826 622 871 694 ad
900 624 983 695 litus
1014 622 1119 696 studii
1144 626 1262 699 Bono

177 746 309 817 niensis
328 770 376 820 ex
397 747 471 831 illo,
493 768 563 841 quo
582 745 644 818 diu
665 746 880 837 multumque
906 747 1021 819 iactati
1047 769 1170 819 sumus
1198 771 1264 821 cu-

177 868 311 941 rialium
336 881 582 964 tempestatum
607 870 747 960 pelag0‚
778 869 876 938 vetut
905 890 925 939 e
950 869 1050 960 gravi
1076 871 1263 962 naufragio

177 990 324 1065 eiectum
350 1015 528 1085 spernere,
555 992 693 1082 sugere,
716 988 887 1062 oblivisci.
916 991 987 1062 Nec
1010 992 1096 1063 satis
1121 991 1158 1062 id
1183 994 1263 1065 sue-

178 1126 245 1200 rat,
267 1116 334 1187 nisi
354 1114 440 1185 iliud
460 1117 603 1204 insuper
624 1111 838 1196 addidisses,
859 1135 931 1198 me,
952 1114 1048 1205 quod
1063 1115 1163 1206 peius
1187 1128 1261 1195 est,

177 1238 307 1328 nequid
331 1234 520 1307 verborum
545 1242 682 1306 tuorum
715 1235 750 1304 in
781 1236 845 1306 bac
875 1236 998 1305 saitem
1023 1234 1262 1307 accusationis

177 1368 275 1448 parte
295 1355 517 1437 venareum,
539 1353 692 1426 damnati
712 1356 838 1429 iniuste
860 1377 967 1447 super
987 1357 1141 1441 tunicam
1160 1357 1262 1427 inno·

179 1488 313 1548 centem
347 1488 460 1549 sortes
488 1478 636 1548 mittere.
667 1476 769 1561 Quod
796 1478 926 1549 crimen
956 1500 1011 1549 me
1043 1477 1265 1569 quantalibet

179 1597 368 1668 intentione
388 1596 492 1669 animi
515 1598 707 1688 intelligere
727 1601 931 1692 nequivisse
958 1600 1133 1696 profiteor.
1164 1600 1264 1674 Sicut

179 1741 243 1791 nec
260 1719 360 1805 iliud,
385 1718 442 1791 ubi
462 1719 515 1789 ais
537 1741 592 1791 me
612 1719 774 1793 arborem
797 1723 1028 1816 descripsisse
1049 1724 1261 1809 vanitatum,

178 1844 233 1917 cui
266 1845 435 1917 insertum
468 1863 550 1913 esse
580 1852 678 1914 tuum
711 1864 838 1916 nomen
872 1844 1036 1917 audieris.
1068 1845 1144 1935 Ego
1172 1867 1263 1919 vero

178 1966 411 2058 descripsisse
436 1986 492 2034 me
519 1963 709 2035 vanitatum
732 1965 893 2036 arborem
919 1968 1047 2037 nuttam
1070 1967 1158 2050 scio,
1193 1968 1263 2038 nisi

73 2169 75 2172 Α
177 2089 308 2178 quiesi
331 2109 454 2157 verum
476 2105 727 2177 recognoscere
753 2109 822 2158 non
844 2086 955 2180 piget,
977 2087 1147 2180 quidquid
1173 2091 1263 2160 scri-

180 2209 295 2278 bimus
317 2217 378 2277 aut
398 2209 561 2299 legimus
583 2207 755 2299 quidquid
774 2207 967 2300 cogitamus
989 2220 1048 2282 aut
1069 2210 1256 2302 loquimur,

178 2330 346 2422 quidquid
368 2330 505 2422 agimus
530 2344 590 2402 aut
615 2344 790 2426 optamus,
814 2345 884 2406 tota
904 2334 1055 2428 denique
1076 2335 1148 2406 vita
1168 2335 1259 2419 lraec,

177 2461 237 2520 aut
261 2465 353 2524 certe
380 2475 507 2546 magna
532 2477 578 2527 ex
604 2467 715 2553 parte,
743 2458 879 2530 vanitas
904 2469 1031 2543 estet,
1060 2468 1097 2530 ut
1117 2458 1165 2529 ait
1185 2457 1259 2545 iile,

176 2571 234 2662 qui
257 2595 333 2645 cum
356 2579 449 2648 omni
471 2600 534 2650 sua
556 2581 724 2672 sapientia
744 2580 834 2655 banc
855 2582 965 2677 ipsam
988 2581 1138 2673 publicae
1160 2582 1262 2651 vani-

180 2694 258 2766 tatis
280 2698 453 2768 infamiam
475 2724 544 2772 nou
563 2703 694 2771 evasit:
724 2706 857 2773 vanitas
880 2703 1069 2768 vanitatum
1093 2709 1124 2762 et
1147 2707 1263 2772 omnia

179 2818 323 2886 certitas.
355 2820 401 2887 De
424 2841 494 2908 quo
520 2819 653 2910 pridem
681 2820 789 2890 breve
814 2816 1032 2913 opusculum,
1057 2833 1138 2882 meo
1163 2832 1261 2887 more

180 2940 329 3031 stiloque
359 2958 423 3007 nec
451 2938 630 3010 elaborato
658 2937 796 3031 penitus
817 2959 881 3008 nec
910 2935 1076 3025 neglecto,
1105 2933 1258 3010 scribere

179 3083 381 3156 aggressus,
405 3061 602 3152 implessem
636 3062 769 3155 utique,
800 3059 868 3131 nisi
893 3059 973 3152 quia
1005 3061 1173 3133 trahenda
1200 3085 1258 3131 res

179 3186 256 3256 visa
276 3194 346 3268 est,
369 3183 464 3274 quod
483 3182 566 3254 novi
586 3185 737 3276 vanique
757 3180 887 3275 aliquid
902 3183 1055 3274 quotidie
1072 3184 1169 3256 affert
1186 3182 1258 3254 vita

181 3306 375 3389 bominum,
399 3305 490 3376 unde
509 3306 619 3376 maior
636 3306 844 3398 uberiorque
863 3307 908 3377 sit
924 3305 1068 3380 libellus.
1084 3309 1257 3379 Caeterum

180 3450 352 3520 nusquam
387 3428 442 3508 ibi,
479 3450 650 3520 nusquam
684 3429 765 3500 aiibi
801 3428 967 3504 hactonus
998 3443 1094 3504 tuum
1130 3450 1258 3501 nomen

182 3549 327 3634 inserui,
350 3550 558 3622 destituente
584 3551 726 3642 quidem
757 3574 813 3622 me
842 3557 998 3637 matoria,
1025 3579 1095 3626 non
1123 3555 1257 3622 affectu.

181 3677 399 3766 Quamquam
434 3675 464 3745 si
497 3675 651 3745 ittusues
683 3675 751 3744 aevi
786 3679 893 3746 nostri
927 3679 1022 3748 viros
1052 3671 1261 3759 attigissem,

183 3821 249 3865 inin
270 3796 382 3866 diram
405 3810 452 3881 tc,
474 3819 518 3867 ne
540 3796 612 3876 tibi,
636 3797 731 3889 quod
752 3801 907 3889 placatus
930 3818 998 3867 nou
1021 3795 1129 3877 soieo,
1152 3794 1259 3866 iratus

182 3918 313 3989 adulari
337 3919 472 4002 videar,
492 3931 637 3991 atcerte
660 3942 722 3990 nec
743 3932 917 4013 patruum,
940 3939 1003 3989 nec
1019 3926 1147 4006 patrem
1162 3922 1260 3986 tuum

186 4042 319 4110 <iteruin
353 4064 586 4135 oppressurus
628 4043 760 4113 inerim.
797 4044 895 4111 Nolui
935 4050 1049 4112 autem
1094 4063 1154 4132 pro
1194 4052 1260 4108 tam
