2670 4688
116 370 118 375 Ι
162 289 219 348 ll8
495 300 536 347 ou
557 300 658 349 oscus
679 300 902 350 tauutamous

160 443 1244 539 l'cruntcnegligentesordinumacragi,quasiapesdissipatis

160 563 371 646 alvearibus
391 565 540 657 quisque
559 565 622 635 sibi
644 564 720 636 dux
736 576 802 636 cst.
821 566 948 638 Amant
966 567 1121 651 umbras,
1144 567 1240 650 ocia,

161 685 240 757 belli
254 708 390 771 nomen,
405 688 461 758 cui
471 710 509 759 se
524 688 684 781 stipendii
699 688 875 762 debitores
890 689 1241 774 sciunt,cumbellum

161 809 275 903 ipsum
297 809 454 883 oderint:
476 810 611 902 dequo
634 819 763 895 tamen,
791 823 829 883 ut
854 812 897 884 de
911 793 1141 883 suaartenoo
1157 834 1243 883 eru-

161 928 332 1004 bescunt:
352 933 453 1029 pigri,
477 934 591 1017 inscii,
615 934 737 1017 timidi,
759 937 935 1027 loquaces,
958 958 1055 1007 arma
1074 946 1109 1006 et
1127 957 1242 1028 equos

162 1075 232 1125 non
254 1056 300 1127 ad
320 1055 526 1150 obsequium
548 1055 782 1137 dominorum,
803 1078 871 1126 non
886 1059 929 1126 ad
945 1059 1065 1149 patriae
1080 1061 1241 1145 tutelam,

162 1178 334 1270 nequead
349 1181 506 1269 gloriam,
523 1178 584 1248 scd
599 1177 644 1246 ad
657 1187 843 1269 quaestum,
854 1177 898 1248 ad
909 1192 1069 1251 ornatum
1084 1184 1242 1274 corporis

162 1311 198 1371 ct
217 1301 430 1394 voluptatem
453 1297 603 1369 habent:
626 1300 740 1369 onusti
762 1320 860 1383 auro,
883 1322 953 1391 quo
974 1313 1010 1372 et
1028 1304 1138 1374 amico
1159 1326 1244 1394 gra-

163 1424 231 1493 tius
246 1425 496 1516 spectaculum,
509 1429 544 1491 et
561 1420 651 1490 hosti
669 1421 815 1515 opimior
833 1421 951 1514 praeda
970 1427 1048 1496 sint.
1064 1428 1149 1498 Cum
1166 1431 1243 1500 suis

161 1542 311 1614 ducibus
330 1544 376 1615 de
393 1543 522 1613 virtute
544 1564 736 1633 nunquam,
764 1543 828 1614 scd
854 1543 882 1614 si
911 1546 965 1616 sui
993 1550 1125 1619 similos
1150 1553 1241 1623 nacti

160 1653 320 1748 sunt,'de
341 1686 464 1736 somno
485 1676 589 1755 atque
609 1661 776 1734 ebrietate
796 1668 1024 1753 contendunt,
1045 1682 1081 1740 et
1102 1673 1240 1744 illorum

160 1787 290 1861 scholae
315 1787 440 1879 dignos
468 1806 547 1857 sese
575 1785 746 1856 exhibent
775 1787 979 1882 discipulos
1017 1794 1121 1864 lutari
1156 1818 1242 1866 mox

159 1923 392 2007 preceptores
411 1929 513 2000 aeque
531 1905 706 1979 docilibus
724 1910 895 2004 ingeniis:
918 1915 971 1985 sui
993 1918 1143 1987 sortasse
1168 1917 1242 1985 dis-

160 2037 292 2120 similes
328 2038 565 2110 contemnunt,
607 2031 778 2117 invident,
819 2037 1060 2120 criminantur,
1105 2038 1239 2124 vixque

159 2157 374 2248 sapientibus
401 2155 519 2246 paucis
556 2163 605 2226 tot
630 2156 720 2226 inter
745 2158 871 2228 stultos
897 2158 1038 2250 impune
1065 2157 1143 2226 licet
1167 2179 1238 2226 non

156 2277 329 2370 desipere.
351 2277 471 2369 Neque
491 2299 578 2349 vero
599 2300 691 2350 nunc
718 2277 866 2372 primum
894 2278 985 2349 inter
1012 2282 1120 2383 malos
1146 2277 1240 2351 bene

157 2416 263 2487 agere
282 2394 429 2487 capitale
444 2403 509 2465 est.
528 2393 663 2478 Quibus
676 2394 723 2466 ita
741 2415 779 2466 se
797 2395 1016 2478 habentibus
1030 2394 1152 2466 desine
1169 2397 1238 2467 iam

156 2516 290 2602 mirari,
311 2539 381 2588 non
399 2519 479 2590 dico
495 2519 589 2611 quod
607 2517 683 2591 lraec
696 2541 785 2612 gens
803 2519 978 2603 attollitur,
994 2519 1049 2589 illa
1063 2519 1238 2602 deiicitur,

157 2655 193 2716 et
206 2662 344 2713 rursum
363 2642 418 2713 illa
432 2642 591 2725 concidit,
611 2642 687 2715 lraec
700 2643 867 2736 assurgit,
887 2643 992 2734 quod,
1011 2653 1048 2711 ut
1065 2641 1149 2721 dixi,
1166 2643 1241 2714 sola

158 2766 311 2838 varietas
333 2787 468 2836 morum
493 2765 594 2835 lacit:
617 2765 680 2834 sed
702 2767 799 2856 quod
820 2785 892 2842 nos,
911 2763 1040 2854 quibos
1065 2765 1242 2835 uniformi-

161 2901 215 2960 tas
234 2887 324 2958 mala
342 2897 406 2964 est,
427 2885 459 2954 in
478 2885 556 2955 dics
578 2884 769 2976 premimur
785 2905 826 2954 ac
842 2894 1021 2964 nutamus,
1040 2896 1242 2977 nostraeque

160 3032 218 3082 res
235 3009 269 3079 in
285 3017 446 3079 extremo
464 3006 603 3097 positae,
625 3025 692 3075 non
712 3002 936 3073 fundamento
955 3003 1071 3096 aliquo
1090 3007 1242 3090 virtutis,

163 3133 226 3204 sed
247 3129 397 3226 pondere
418 3149 483 3198 suo
501 3134 602 3206 stant,
627 3124 814 3215 magnique
832 3125 967 3194 ruinam
986 3125 1124 3197 aedificii
1145 3129 1244 3199 lrian-

164 3256 257 3327 tibus
284 3253 379 3326 rimis
405 3249 566 3344 produnt.
594 3247 719 3318 lllirum
746 3245 862 3339 potius
892 3246 922 3318 si
952 3250 1093 3341 quando
1123 3272 1244 3323 causae

164 3400 248 3449 suos
275 3399 343 3449 noo
368 3372 502 3468 pariant
532 3372 699 3450 ellectus3
730 3391 843 3459 acque
875 3370 968 3441 enim
1002 3372 1140 3463 penitus
1167 3370 1245 3442 fieri

163 3510 278 3590 potest
296 3497 381 3591 quin
400 3496 456 3564 his
476 3492 640 3574 ducibus
664 3493 718 3561 his
740 3491 921 3575 militibus,
944 3494 1000 3564 his
1027 3495 1183 3565 moribus
1209 3506 1246 3566 et

164 3621 266 3693 ruina
286 3621 353 3693 iam
374 3618 544 3714 proxima,
567 3629 601 3686 ct
623 3616 758 3686 interim
780 3615 862 3686 dum
889 3614 1064 3702 dillerlar,
1092 3631 1126 3688 ct
1152 3641 1248 3688 mor-

166 3742 353 3814 talenobis
379 3741 521 3823 bellum,
556 3761 626 3834 pax
658 3740 825 3823 extincta,
861 3741 975 3811 virtus
1007 3742 1104 3823 exul,
1140 3752 1247 3830 atque

166 3864 246 3933 binc
270 3872 430 3936 externis
456 3864 536 3934 hinc
560 3861 708 3955 propriis
736 3861 896 3933 manibus
922 3861 1096 3954 discerpta
1124 3886 1247 3955 respu-

165 3986 252 4055 blica
275 4006 380 4055 scrva
407 4007 544 4079 semper
564 4005 605 4054 ac
625 3984 755 4054 misera
776 3985 831 4055 sit.
855 3983 950 4053 l'alc.

308 4118 356 4172 lll.
374 4118 513 4175 Kalendas
528 4115 640 4173 Martias
654 4132 687 4168 cx
702 4115 808 4167 itincre.

614 4232 792 4273 ..Ε’ψῖρη
