2834 5086
181 684 186 713 r
199 664 231 715 td
632 667 795 719 Vdssldflilll

176 808 349 891 rrrrrcbitis
380 828 443 879 nec
477 808 640 879 Leonem.
672 809 757 882 Vale
789 811 914 895 amice,
946 820 983 882 ct
1012 810 1260 883 clarissimum

176 938 269 1003 rltum
291 930 405 1002 virum
425 931 717 1023 percunctationis
738 943 809 1005 tuae
829 932 1055 1025 responsique
1080 932 1151 1004 mei
1174 954 1264 1027 par-

175 1058 328 1147 ticipem,
361 1072 477 1145 quem,
500 1061 589 1123 teste
610 1055 734 1138 animo,
766 1054 936 1148 profunde
955 1054 1079 1147 diligo,
1101 1062 1166 1127 tuo
1192 1076 1262 1129 ore

173 1178 260 1247 meis
287 1174 406 1246 verbis
431 1173 557 1246 iterum
589 1186 695 1269 atque
728 1177 854 1249 iterum
888 1179 1025 1249 salvere
1056 1176 1154 1251 iuba.
1181 1180 1264 1253 Me-

172 1298 313 1371 diotani.

591 1639 768 1705 EPlSTOLA
788 1640 833 1703 tt.

247 1801 441 1852 Futscrsct's
462 1802 631 1853 recurant
652 1802 795 1853 GOHE'I'IO
816 1801 1017 1853 ttuottrtozto
1037 1800 1064 1851 S.
1084 1802 1117 1851 P.
1139 1804 1173 1853 D.

434 1934 616 1991 Commendat
630 1936 656 1991 ci
671 1936 810 1991 Donatum
825 1935 981 1991 Aretinum.

271 2164 443 2251 Quamdiu
475 2165 635 2259 placitum
669 2166 742 2234 Deo
775 2164 851 2247 tuit,
879 2161 1062 2255 magnifice
1080 2176 1121 2237 et
1140 2168 1258 2241 caris·

176 2289 262 2359 simo
289 2289 334 2358 mi
367 2287 519 2370 domine,
553 2287 637 2357 mihi
671 2307 881 2357 conservare
914 2286 1256 2363 reverendissimum

171 2423 303 2503 patrem
341 2423 375 2482 ct
411 2410 589 2480 dominum
630 2433 745 2480 meum
783 2410 960 2482 dominnm
999 2408 1254 2499 Sabinensem.

170 2554 292 2602 omnes
313 2532 491 2603 molestias
512 2553 609 2603 meas
630 2532 703 2624 ipse
723 2531 895 2626 portabat,
917 2554 982 2604 nec
1001 2552 1152 2607 necesse
1172 2545 1255 2608 erat

170 2674 236 2723 vos
256 2665 317 2725 aut
337 2655 421 2725 alios
446 2653 606 2725 dominos
631 2657 688 2725 vel
723 2656 852 2727 amicos
882 2676 1118 2752 praegravare.
1146 2656 1255 2733 Nunc

170 2791 365 2871 postquam,
386 2779 457 2849 Deo
475 2780 622 2862 volente,
645 2778 772 2850 dictum
786 2778 965 2851 dominum
979 2779 1089 2863 amisi,
1105 2800 1175 2853 seu
1188 2804 1257 2857 ve-

172 2901 243 2972 rius
277 2902 441 2996 praemisi,
476 2924 583 2995 cogor
614 2903 658 2974 ad
690 2904 776 2974 aiios
808 2925 986 2975 recurrere
1017 2913 1051 2973 et
1085 2904 1251 2981 sarcinas

169 3047 265 3097 meas
287 3027 375 3099 inter
400 3025 560 3099 dominos
585 3028 715 3120 partiri.
743 3025 913 3110 Quoniam
937 3047 1024 3117 ergo
1049 3025 1094 3097 de
1120 3028 1247 3117 vobis.

166 3150 328 3239 quamvis
362 3149 445 3219 nihil
480 3171 628 3232 merear,
664 3149 810 3220 muttum
837 3170 956 3241 spero,
992 3169 1118 3241 magna
1149 3147 1251 3225 fidu-

168 3269 220 3338 cia
258 3270 304 3341 de
340 3282 460 3342 vestra
498 3268 676 3342 nobilitate
701 3293 742 3343 ac
778 3271 907 3342 virtute
939 3281 1116 3366 concepta,
1156 3274 1252 3345 iato-

167 3413 239 3462 rem
264 3393 485 3486 praesontium
513 3394 681 3464 Donatum
715 3392 760 3463 de
792 3391 911 3463 Aretio
939 3391 1088 3464 amicum
1125 3414 1250 3469 meum

165 3512 405 3586 fidelissimum
428 3523 556 3585 vestrae
575 3513 844 3608 magnificentiae
861 3514 1115 3599 recommendo,
1134 3538 1250 3609 quem

165 3637 231 3728 ipsi
251 3637 391 3708 domino
411 3635 581 3709 Cardinati
603 3638 971 3710 recommendaveram
986 3665 993 3707 :
1010 3648 1046 3710 et
1060 3638 1129 3709 iam
1148 3638 1250 3713 ince-

165 3769 264 3850 perat
296 3758 362 3829 sibi
395 3758 614 3844 benefacere,
645 3761 675 3831 ei
710 3760 737 3830 si
759 3759 890 3832 diutius
924 3760 1082 3842 vixisset
1111 3781 1249 3853 magua

164 3880 230 3951 sibi
243 3883 448 3973 promiserat
462 3904 500 3952 se
513 3883 695 3954 facturum.
715 3884 760 3953 Et
772 3904 845 3959 vos,
862 3883 1010 3966 domine,
1027 3881 1107 3955 huic
1122 3882 1247 3959 eidem

164 4014 203 4075 ut
227 4004 301 4099 ipse
327 4006 410 4075 mihi
436 4007 563 4091 retulit,
591 4007 658 4077 mei
684 4027 802 4077 amore
827 4006 958 4076 litteras
976 4004 1248 4081 recommenda-

164 4126 269 4199 torias
284 4128 430 4200 dedistis
449 4128 494 4200 ad
514 4127 691 4201 dominum
710 4127 857 4213 Castalii,
875 4149 1026 4221 proquo
1046 4124 1151 4199 vobis
1168 4136 1249 4203 tour

163 4260 277 4321 mente
310 4252 480 4341 regratior
509 4250 601 4345 (sic):
627 4262 663 4324 et
688 4273 773 4344 rogo
799 4252 827 4321 si
854 4272 935 4322 cum
959 4248 1091 4322 honore
1115 4262 1247 4327 vestro

163 4378 198 4437 ot
217 4368 431 4465 beneplacito
452 4372 527 4445 fieri
547 4386 674 4469 potest,
702 4374 795 4468 quod
821 4373 953 4446 faciatis
982 4373 1017 4445 ei
1049 4370 1095 4445 de
1118 4373 1248 4468 aliquo

162 4491 273 4563 ossicio
293 4494 466 4586 provideri
487 4499 679 4572 secundum
699 4496 890 4571 decentiam
909 4508 1022 4571 status
1040 4496 1106 4569 aui.
1125 4496 1245 4591 spero
