2670 4688
445 506 632 573 FRANGISOE
653 509 854 577 PETRARGAE

275 735 341 812 DE
393 732 565 814 REBUS
619 731 1023 816 FAMILIARIBUS

365 952 496 1029 LIBER
526 954 930 1031 VICESIMUSPRIMUS.

542 1633 718 1701 urlsrous
739 1637 760 1700 l.

157 1833 348 1886 uusuclscus
368 1833 535 1885 PETRARCA
555 1834 701 1884 ERNESTO
722 1832 971 1884 Aucmumscoro
992 1832 1149 1884 PRAGENSI

588 1939 614 1987 S.
637 1938 665 1989 P.
689 1940 719 1989 D.

127 2073 260 2131 Liberem
273 2092 357 2147 quum
371 2076 518 2146 scripserat
530 2089 560 2130 se
575 2072 706 2144 prudenti
720 2073 836 2129 oonsilio
849 2073 961 2129 mittere
976 2087 1032 2129 uon
1045 2071 1174 2128 voluisse.

213 2336 674 2429 Muiteanimoconeeperum
683 2337 885 2427 calamoque
893 2355 1190 2429 pepereramquae

118 2480 179 2528 cur
199 2452 302 2524 modo
322 2452 381 2525 tibi
401 2455 604 2526 subtraham
624 2456 777 2537 dicetis,
800 2455 859 2546 qui
881 2454 958 2528 haec
979 2478 1089 2549 pauca
1111 2478 1192 2549 quae

119 2574 233 2646 cernis
239 2583 275 2644 et
280 2575 378 2668 plura
390 2593 472 2667 quae
483 2574 604 2645 audies
617 2574 662 2645 ed
676 2584 710 2644 te
721 2573 814 2644 vivis
828 2573 974 2646 vocibus
989 2575 1191 2667 perferenda

119 2696 282 2793 suscepit,
302 2695 443 2789 virque
462 2696 510 2767 nil
529 2695 589 2769 tibi
610 2694 774 2768 devotius
794 2695 842 2766 nil
867 2695 951 2767 mihi
976 2696 1190 2771 familiarius.

118 2822 242 2893 Sancta
255 2817 395 2913 quidem
409 2841 548 2913 semper
567 2831 603 2892 et
616 2820 774 2904 honeste,
797 2819 860 2891 sed
877 2841 947 2892 uon
960 2842 1097 2913 semper
1117 2832 1192 2893 tuta

118 2943 257 3015 veritas.
278 2943 404 3016 Multos
417 2941 649 3016 illuomnibus
663 2944 814 3028 saeculis,
829 2943 893 3016 sed
919 2965 1095 3039 nunquam
1118 2945 1192 3038 piu-

118 3086 175 3137 res
191 3087 295 3158 quam
320 3076 440 3138 nostra
461 3075 563 3139 aetaie
589 3067 711 3138 hostes
732 3064 863 3138 babuit.
891 3067 1006 3138 Causa
1030 3077 1085 3139 est
1109 3066 1191 3159 quie

118 3209 293 3279 nunquam
319 3189 501 3282 pauciores
518 3189 630 3261 virtus
652 3189 773 3262 hebuit
789 3190 929 3261 amieos.
948 3189 1056 3260 Nemo
1077 3196 1190 3259 autem

118 3310 301 3381 veritatem
321 3311 394 3384 odit
406 3311 473 3383 uisi
485 3311 545 3405 qui
560 3312 649 3383 male
663 3310 760 3382 vivit.
786 3311 831 3382 Ei
856 3310 913 3380 bie
938 3322 1052 3382 metus
1076 3311 1191 3381 virum

119 3434 242 3503 fertem
254 3452 430 3523 uunquam
452 3434 486 3502 iu
503 3433 735 3517 mendacium,
753 3432 939 3525 aliquando
957 3442 1071 3504 autem
1090 3432 1124 3501 iu
1145 3433 1192 3502 si-

120 3554 261 3626 lentium
274 3551 389 3653 cogiiq
415 3551 509 3645 quod
529 3577 595 3647 ego
614 3559 690 3628 veri
712 3557 828 3629 siudio
841 3556 985 3629 edoctus
1000 3567 1034 3627 et
1054 3567 1192 3628 nuncet

120 3698 214 3771 saepe
227 3676 322 3759 alias,
337 3674 404 3746 nisi
419 3688 600 3768 postquam
612 3700 681 3751 non
695 3681 830 3751 locutus
840 3699 922 3750 esse
939 3701 1007 3750 nou
1020 3689 1188 3771 poteram,

120 3822 187 3871 non
201 3798 347 3871 adverti.
361 3799 405 3869 Et
425 3799 458 3869 iu
472 3819 632 3871 sermone
646 3800 785 3891 quidem
804 3814 925 3872 mutuo
947 3823 1089 3894 prorsus
1105 3803 1191 3875 irre-

120 3922 275 3995 meabilis
288 3932 343 3994 est
358 3942 446 3993 vox:
463 3920 496 3991 in
513 3923 651 4014 scriptis
670 3945 755 3994 vero
766 3923 985 3997 liberioribus
999 3924 1189 3999 remedium

120 4055 173 4117 est
194 4050 249 4118 vel
268 4047 482 4142 supprimere
503 4047 558 4118 vel
576 4044 693 4119 delere
712 4047 806 4141 quod
824 4048 1014 4144 scripseris.
1037 4051 1188 4121 Primum
