2834 5086
166 701 223 762 till
482 680 541 760 'on
564 711 664 761 aeuus
687 707 908 759 murmuramus

165 856 328 925 humanae
350 853 446 946 prius
467 875 574 923 eausa
599 850 751 923 miseriae
772 861 850 943 post
872 850 1012 935 salutis,
1039 852 1145 923 sicin
1166 875 1251 947 poe-

166 975 241 1046 tiois
263 998 330 1047 non
352 976 455 1048 modo
477 977 608 1068 lignum
630 976 723 1047 idern
744 996 887 1066 genere,
911 975 975 1046 sed
1000 975 1105 1048 arbor
1125 981 1248 1051 eadem

166 1097 279 1189 speeie
300 1099 344 1169 sit
366 1098 516 1170 redivivi
537 1097 674 1190 imperii
695 1096 840 1168 materia
860 1116 941 1190 quae
959 1098 1070 1169 ruinae
1090 1100 1163 1170 fuit.
1183 1103 1251 1174 Ha-

165 1218 228 1290 bes
254 1219 453 1292 intentionis
482 1240 569 1293 meae
596 1241 769 1291 summam
796 1241 859 1291 neo
883 1240 972 1312 opus
998 1230 1054 1291 est
1078 1220 1249 1314 pluribus

165 1343 202 1414 lu
224 1342 347 1414 eadem
368 1344 502 1435 Egloge
520 1343 685 1435 seriptum
707 1351 783 1413 erat
799 1340 892 1412 aliud
910 1342 1037 1412 mirum
1056 1341 1135 1414 inde
1155 1345 1250 1436 quod

163 1465 245 1556 quia
262 1467 365 1536 valde
386 1485 550 1534 noveram
573 1460 785 1552 ignorabam,
807 1473 843 1532 et
863 1463 898 1532 in
915 1485 958 1534 eo
979 1463 1130 1549 fallebar,
1153 1465 1247 1558 quod

165 1585 194 1655 si
228 1608 367 1658 nossem
398 1582 537 1675 parcius
562 1602 631 1652 non
657 1583 809 1664 fallerer,
837 1603 900 1653 nec
925 1605 1012 1657 vero
1037 1597 1114 1658 erat
1137 1588 1250 1659 alieno

163 1708 353 1799 persimile,
376 1704 538 1795 quoniam
565 1702 717 1772 alienum
739 1723 906 1794 prorsus:
935 1706 996 1778 sed
1018 1705 1069 1777 sie
1089 1705 1173 1779 mihi
1194 1729 1252 1781 ae-

164 1827 311 1910 cidebat,
328 1836 366 1897 ut
378 1824 426 1893 illi
443 1824 503 1917 qui
520 1825 650 1916 apertis
668 1824 777 1895 oculis
795 1827 944 1897 amioum
963 1850 1079 1900 coram
1098 1831 1248 1924 positum

163 1971 232 2019 non
252 1947 370 2018 videt:
392 1956 469 2016 erat
486 1955 602 2017 autem
620 1945 665 2016 ad
686 1944 779 2018 hune
796 1947 947 2018 modum.
971 1946 1059 2034 Ouid
1075 1956 1164 2022 euim
1181 1977 1249 2025 uon

164 2070 316 2139 carmina
344 2068 508 2161 possunt?
533 2067 688 2140 Tandem
713 2068 758 2139 ad
784 2090 839 2138 me
868 2067 1005 2139 rediens
1035 2070 1251 2160 deprehendi

163 2214 233 2264 non
254 2213 370 2263 meum
390 2210 473 2262 esse
493 2187 598 2261 finem
619 2211 763 2261 versus.
792 2189 898 2260 Cuius
920 2199 1034 2260 autem
1059 2199 1153 2258 esset
1173 2188 1251 2260 diu-

166 2314 267 2387 tioule
286 2312 457 2398 haesitavi,
471 2335 540 2384 non
554 2312 655 2383 aliam
670 2311 716 2383 ob
729 2333 871 2382 causam
891 2310 957 2382 nisi
971 2309 1053 2403 quia
1071 2320 1109 2380 ut
1119 2308 1250 2379 dictum

163 2448 227 2521 est,
248 2438 316 2507 iam
336 2458 414 2507 mea
434 2434 569 2506 illudio
591 2432 722 2504 ratione
744 2454 944 2524 posueram.
964 2432 1018 2504 Ad
1037 2441 1249 2526 postremum

164 2559 277 2649 reperi
296 2578 378 2628 esse
398 2555 550 2625 Nasonis
570 2572 615 2622 vu
635 2554 993 2646 Methamorphoseos.
1015 2557 1060 2625 Et
1080 2553 1146 2626 hoc
1165 2574 1251 2644 ergo

164 2677 324 2748 similiter
343 2673 514 2756 mutabis,
536 2696 717 2768 ponesque
738 2677 803 2760 ita,
825 2675 903 2765 quid
928 2679 1017 2748 euim
1037 2679 1106 2747 vim
1131 2677 1252 2746 curmi-

163 2799 217 2866 m's
241 2809 354 2886 aequet.
373 2797 445 2868 Neo
464 2796 584 2868 verbis
602 2820 667 2868 nec
685 2799 855 2870 sententia
872 2821 1000 2871 versus
1019 2798 1170 2870 inferior.
1191 2797 1251 2868 Hic

165 2919 272 3011 igitur
287 2920 398 2992 nostri
421 2919 475 3005 sil,
498 2919 528 2992 si
550 2931 665 2994 tamen
688 2920 745 2992 hio
765 2922 840 3016 ipse
860 2925 914 2993 vel
937 2923 988 2994 sic
1007 2922 1110 2995 etiam
1133 2928 1252 2990 noster

162 3050 239 3110 est:
261 3041 317 3113 ille
338 3045 426 3115 alter
446 3043 492 3116 ad
508 3044 688 3115 dominum
709 3064 812 3116 suum
833 3043 953 3116 redeat
971 3055 1008 3114 et
1024 3041 1173 3113 Nasonis
1195 3039 1249 3124 sit,

164 3186 267 3258 quem
293 3168 342 3237 illi
361 3169 499 3260 eripere
523 3189 587 3238 neo
613 3168 644 3236 si
664 3166 768 3237 velim
797 3165 945 3258 possim,
973 3186 1038 3234 noc
1062 3164 1091 3233 si
1117 3161 1248 3254 possim

164 3290 281 3359 velim.
299 3290 375 3361 Etsi
393 3290 486 3359 enim
507 3310 579 3358 non
600 3310 655 3358 me
678 3289 782 3358 lateat
799 3286 970 3377 quosdam
992 3294 1152 3356 veterum
1174 3283 1250 3355 Vir-

165 3411 360 3504 giliumque
387 3418 467 3481 aute
492 3412 578 3481 alios
611 3429 739 3480 versus
766 3410 969 3480 innumeros
1002 3431 1072 3480 non
1103 3409 1206 3480 modo
1228 3428 1250 3479 e

164 3554 282 3624 graeco
302 3532 335 3603 in
354 3533 498 3604 latinum
520 3550 656 3612 versos,
676 3527 733 3600 ubi
750 3528 939 3602 abstulisse
955 3532 1093 3604 clavam
1112 3527 1249 3601 Herculi

164 3658 345 3748 gloriatur,
368 3653 431 3726 sed
452 3664 491 3725 ut
510 3662 609 3725 erant
629 3675 673 3726 ex
701 3651 823 3725 alienis
843 3652 879 3724 in
899 3674 1003 3726 suum
1023 3674 1113 3746 opus
1135 3663 1248 3724 trans-

165 3781 296 3867 tulisse,
315 3802 382 3852 non
401 3775 594 3870 ignorantia
608 3753 749 3870 quidain
769 3777 847 3860 ulla,
865 3796 947 3870 quae
963 3778 996 3849 in
1012 3787 1062 3848 tot
1074 3776 1249 3867 tantisque

164 3901 270 3974 rebus
285 3904 364 3973 hinc
376 3901 467 3971 illinc
478 3901 607 3993 ereptis
622 3896 705 3990 fingi
720 3902 848 3991 nequit,
864 3922 976 3993 neque
990 3897 1125 3971 iurandi
1139 3918 1249 3989 quan·

164 4033 238 4093 tum
256 4025 473 4116 intelligitur,
493 4021 556 4093 sed
575 4018 730 4091 certandi
752 4021 876 4105 anime,
896 4034 1010 4094 tamen
1028 4031 1089 4093 aul
1106 4022 1183 4113 plus
1200 4018 1249 4088 illi

164 4145 312 4218 licentiae
332 4149 409 4232 fuit,
432 4158 492 4218 aut
512 4167 613 4216 mens
631 4145 721 4226 alia3
743 4157 837 4217 certe
856 4167 935 4238 ego,
963 4144 1028 4214 nisi
1054 4164 1110 4215 res
1131 4140 1250 4231 adigat

164 4269 276 4340 alieno
297 4271 409 4341 sciens
433 4272 480 4343 uti
502 4292 569 4342 nou
590 4268 712 4363 patiar.
741 4270 775 4340 Si
797 4269 880 4361 quid
902 4266 1074 4338 adversus
1101 4264 1178 4336 haee
1203 4262 1248 4335 ab

166 4390 346 4483 ignorante
359 4393 565 4484 peocabitur,
580 4395 633 4465 fac
645 4392 805 4464 sentiam.
819 4390 982 4480 Agnosco
995 4387 1106 4459 libens
1118 4387 1245 4460 bonam

166 4510 268 4583 fidem
296 4522 331 4582 et
351 4526 519 4605 usurpata
540 4516 695 4587 restituo.
722 4513 764 4582 El
791 4534 838 4584 ex
864 4510 931 4582 hoc
950 4510 1090 4602 quidem
1117 4530 1247 4602 genere
