2670 4688
515 290 668 339 nusronu
689 289 774 337 xxix.
1113 269 1169 329 att

104 439 314 510 existimatio
334 460 438 531 quam
462 458 545 508 uera
568 437 612 507 sit
631 433 676 507 ab
696 444 842 527 experto
867 432 1004 525 quidem
1031 441 1067 501 tu
1089 427 1181 500 fide·

106 561 276 631 lissimum
293 568 396 652 caput
417 559 588 649 intelliges
602 557 682 650 (sic).
708 555 893 626 ludicautis
912 575 1054 644 gravem
1072 562 1174 644 alque

108 682 264 752 stabilem
282 702 363 751 esse
380 680 531 752 animum
550 690 701 773 oportet;
718 678 867 749 volatilis
883 678 988 750 Amor
1003 685 1067 748 est.
1081 674 1176 745 Ami-

108 815 164 875 clu
183 805 290 874 variae
308 803 526 894 cogitationis
548 800 722 883 indutum;
739 799 854 872 nudus
873 811 937 871 est.
949 799 1107 895 Lyncaeis
1125 801 1176 869 lu-

109 927 274 1008 minibus;
291 947 404 997 caecus
422 936 488 996 est.
508 926 621 997 AEtate
639 926 791 1016 iutegra3
810 946 895 1017 puer
912 933 976 994 est,
995 920 1175 994 Pacifioum

108 1059 144 1119 et
166 1051 349 1129 inermem3
370 1051 555 1120 larelratus
581 1059 647 1119 est.
673 1048 813 1119 Rectum
838 1058 873 1117 et
893 1046 1021 1117 inllexa
1043 1055 1178 1115 scetan-

112 1185 199 1253 tern3
226 1193 397 1264 procurro
423 1171 553 1262 gaudet
576 1193 670 1241 arcu.
701 1173 912 1250 lunocuum;
944 1169 1027 1238 nulli
1058 1166 1177 1261 parcit.

111 1294 197 1376 Quae
218 1316 296 1365 cum
319 1295 363 1364 ita
387 1295 462 1376 sint,
491 1316 558 1364 nou
585 1294 701 1387 inepte
722 1290 848 1362 dicitur
868 1292 1029 1361 Amorem
1055 1289 1180 1360 obesse

112 1415 248 1486 iudicio.
267 1417 342 1506 Ego
365 1427 478 1487 tamen
499 1429 533 1488 te
551 1417 584 1485 iu
603 1415 709 1485 rebus
727 1413 813 1486 meis
836 1436 974 1506 semper
994 1413 1044 1483 sic
1063 1432 1181 1483 errare

112 1541 226 1632 cupio,
255 1561 298 1610 ue
324 1539 354 1608 si
379 1561 433 1609 me
461 1542 547 1611 forte
574 1538 731 1632 pressius
752 1537 911 1630 aspicias
933 1534 1120 1629 despicias,
1148 1544 1183 1605 et

111 1684 182 1754 quo
207 1665 283 1754 plus
311 1683 415 1733 nosse
441 1662 589 1756 coeperis
615 1662 729 1730 miuus
759 1680 866 1731 ames
895 1661 977 1730 Haec
1003 1660 1181 1728 hactenus.

114 1787 161 1856 lle
178 1787 310 1877 reliquo
330 1786 378 1855 sic
397 1784 502 1856 habe:
523 1785 605 1855 nihil
625 1796 657 1855 te
676 1785 811 1854 silentio
829 1805 949 1874 agere:
968 1780 1185 1875 extorquebo

115 1907 208 1998 quod
234 1910 380 1979 celatum
408 1906 477 1990 vis,
500 1906 652 2000 alioquin
680 1915 716 1977 lu
744 1928 790 1976 ex
818 1927 873 1975 me
899 1905 1044 1976 lacendo
1068 1904 1185 1976 elicies

116 2026 209 2119 quod
231 2049 298 2098 nou
325 2028 399 2099 vis:
423 2040 460 2099 ul
480 2026 568 2099 liber
572 2083 626 2097 .....
649 2051 753 2121 quem
775 2028 941 2101 donatum
963 2029 1061 2124 cupis
1082 2026 1127 2098 ad
1153 2039 1186 2098 te

116 2150 241 2221 redeat.
260 2149 379 2242 Neque
393 2150 485 2220 enim
501 2150 582 2220 mihi
597 2151 642 2221 ad
656 2150 904 2222 removendam
921 2153 967 2222 tui
984 2151 1186 2222 memoriam

118 2274 180 2343 hoc
200 2276 257 2343 vel
274 2276 384 2344 altero
401 2273 555 2365 quolibet
576 2276 702 2345 amoris
724 2296 812 2368 opus
834 2285 890 2345 est
909 2275 1063 2369 pignore.
1079 2274 1189 2344 Occu-

117 2397 203 2485 pasti
224 2397 386 2476 animum,
409 2409 443 2464 et
467 2395 565 2464 cuius
583 2394 741 2465 oblivisci
760 2418 894 2487 nequeo
912 2399 967 2467 vel
989 2395 1189 2464 meminisse

118 2514 255 2604 quidem
278 2535 430 2606 possum.
447 2517 539 2598 Vale,
564 2514 657 2584 lelix.
680 2516 821 2600 Patavii,
839 2518 925 2586 Vlll.
953 2516 1033 2587 ldus
1060 2517 1187 2607 aprilis.

220 2635 417 2706 Francircus
443 2649 526 2707 tuus.
550 2637 682 2708 Caetera
711 2637 881 2709 lohannes
908 2650 1034 2709 noster.
1057 2638 1190 2707 Rescri-

122 2759 233 2830 hcuda
258 2771 372 2831 erant:
396 2760 459 2832 sed
482 2761 638 2855 (signum
664 2760 885 2832 arlveulantis
907 2759 1010 2855 senii)
1030 2761 1124 2852 lugio
1145 2762 1191 2830 la-

122 2881 250 2953 bouem.

616 3040 693 3051 --·-.

524 3180 701 3245 epistota
723 3182 803 3243 XXX.

176 3324 367 3376 rnuucrscus
389 3329 558 3378 urrunnun
579 3332 737 3380 nuurnnuo
758 3331 799 3379 un
821 3330 1006 3379 rnsrnnuno
1028 3331 1053 3378 S.
1077 3331 1103 3377 e.
1127 3330 1156 3376 n.

289 3452 409 3508 Nunciat
423 3456 492 3509 duos
506 3458 608 3513 amicos
623 3459 784 3531 propediem
798 3459 877 3512 illum
891 3458 1041 3526 incisuros,

424 3543 499 3598 etde
515 3543 587 3600 dono
601 3553 711 3619 accepto
726 3552 817 3617 grates
832 3547 895 3617 agit.

225 3740 371 3810 Litteras
410 3752 487 3812 luas
526 3745 767 3815 ornatissimas
808 3757 912 3839 atque
951 3744 1199 3838 pulcherrimas

126 3862 329 3954 obiurgatus
352 3886 371 3933 a
394 3884 448 3933 me
472 3865 599 3934 Laelius
624 3888 739 3951 mens,
764 3868 827 3938 scd
853 3870 964 3938 iaculo
987 3879 1102 3938 tamen
1125 3888 1201 3937 meo

127 3989 285 4081 clypeum
313 3989 475 4079 legitimae
508 3991 745 4062 excusationis
776 3990 964 4075 abiiciens,
1000 3991 1093 4062 misit
1127 4002 1201 4062 tan-

129 4108 218 4178 dem.
245 4112 310 4195 Qui
339 4122 370 4180 te
398 4115 582 4184 salutatum
605 4114 714 4206 cupit:
737 4116 865 4210 poteris
887 4137 966 4186 curn
990 4126 1026 4186 ut
1045 4137 1199 4207 auguror
