2670 4688
157 304 215 366 llttl
491 311 533 359 nn
555 310 655 358 annus
677 307 899 358 ranrnrnmnus

156 455 376 530 tendentibus
404 455 534 524 veritas
563 454 703 543 ingerit:
727 452 870 546 proinde
900 463 937 523 ut
963 453 1096 544 reliqua
1119 453 1239 544 sperni

155 579 302 676 possint,
325 597 406 669 quae
423 576 565 667 quidem
585 576 700 668 sperni
727 575 784 646 tali
805 575 945 665 ingenio
966 585 1105 664 tamque
1125 574 1240 644 incor-

155 711 257 793 rupto
276 697 402 770 iudicio
423 720 493 768 non
515 708 677 789 possunt,
696 718 741 766 an
761 697 796 767 in
817 718 858 767 ea
880 696 955 788 ipsa
972 697 1109 777 sallem,
1130 716 1238 786 quarn

156 820 239 891 mibi
259 815 416 890 dictabas
437 818 596 909 epistola,
619 839 688 888 noo
710 816 987 889 animadvertisti
1008 828 1148 888 sextum
1173 818 1241 887 im-

155 941 240 1036 perii
262 940 311 1011 tui
332 961 460 1010 annum
484 940 562 1029 agi?
583 939 673 1021 Quid
696 951 767 1010 tum
790 939 917 1030 igitur?
933 939 988 1010 An
1009 953 1147 1009 sextum
1168 941 1241 1010 lor·

155 1085 219 1135 san
231 1073 268 1133 et
279 1060 611 1154 quinquagesimum
625 1059 980 1153 expectasillugusto
994 1062 1123 1134 Caesari
1136 1062 1241 1133 dum-

156 1193 252 1257 uxot
272 1183 308 1256 id
329 1184 488 1273 contigit,
513 1183 630 1254 nescio
651 1205 695 1252 an
717 1181 921 1275 optandum,
941 1183 1003 1253 sed
1025 1182 1239 1276 sperandum

156 1305 305 1378 minime.
322 1305 463 1388 Venisti,
479 1305 605 1387 Cesar,
621 1314 699 1396 post
711 1302 977 1374 exhortationes
992 1303 1068 1374 illas
1082 1325 1179 1375 meas
1192 1305 1241 1375 ad

156 1427 302 1514 ltaliam,
320 1426 421 1497 cuius
439 1447 507 1516 ego
524 1425 608 1495 mihi
629 1427 802 1521 particeps
816 1426 936 1517 gloriae
956 1427 1053 1498 visus
1071 1449 1182 1509 eram,
1195 1447 1241 1497 eo

154 1548 249 1643 quod
266 1541 619 1640 animosum⁶quoque
635 1548 859 1641 cornipedem
876 1550 990 1621 calcar
1007 1549 1159 1643 impellit.
1171 1549 1241 1620 Ve-

155 1669 252 1753 nisti,
276 1671 432 1763 inquam,
453 1682 559 1763 atque
581 1683 618 1741 ut
637 1671 697 1742 tibi
715 1671 759 1742 de
779 1673 913 1745 coelesti
933 1694 999 1765 ope
1016 1671 1170 1744 confisus
1183 1692 1242 1743 re·
1302 1651 1308 1662 ⁸

156 1791 398 1886 promiseram,
435 1791 598 1864 invenisti
631 1807 749 1886 aperta
782 1806 818 1867 et
848 1815 957 1888 prona
990 1797 1123 1878 omnia,
1158 1815 1241 1886 quae

156 1915 320 1988 obstrusa
334 1923 369 1984 ct
381 1915 492 1986 ardua
511 1914 728 1987 videbantur.
745 1918 884 1989 Intrasti
897 1918 1140 1989 Mediolanum.
1156 1916 1242 1987 Inde

155 2036 314 2118 Romam,
338 2033 372 2104 in
394 2035 522 2128 quibus
543 2038 721 2128 geminum
742 2038 902 2109 diadema
929 2040 1086 2122 sortitus,
1114 2038 1241 2109 erectis

157 2158 192 2227 in
213 2177 311 2250 spem
331 2179 494 2249 magnam
513 2157 650 2249 populis
668 2168 773 2249 alque
793 2157 951 2239 urbibus
968 2159 1083 2228 subito
1104 2158 1137 2225 in
1155 2158 1243 2227 Ger-

156 2280 305 2352 maniam
324 2279 499 2352 remcasti.
520 2280 591 2350 Cur
604 2288 719 2350 autem
735 2277 887 2370 autquis
906 2287 938 2347 te
956 2296 1065 2359 error,
1083 2296 1146 2345 scu
1159 2279 1242 2366 quis

156 2401 280 2474 horror
299 2401 468 2497 perculit‘l
485 2403 537 2473 bn
556 2405 641 2473 forte
659 2400 889 2495 quorumdam
909 2399 1152 2472 seditiosorum
1168 2420 1244 2468 mo-

157 2521 327 2595 tiunculas
350 2522 518 2596 timuisti?
538 2525 585 2596 At
605 2524 670 2596 hoc
695 2525 838 2597 affixum
861 2522 985 2596 animis
1010 2543 1092 2592 esse
1118 2518 1241 2606 debet,

158 2653 196 2716 ut
217 2644 368 2738 quisque
391 2648 620 2738 navigaturus
642 2658 883 2742 tempestatem
902 2646 1039 2736 cogitet.
1054 2642 1243 2715 Nesciebas

155 2765 251 2859 quod
272 2768 404 2837 nullum
427 2768 502 2838 sine
522 2769 687 2840 fluctibus
709 2792 805 2841 mare
825 2781 893 2852 est,
916 2770 1033 2837 nullus
1060 2767 1136 2837 sine
1157 2787 1243 2836 ven-

157 2887 203 2959 tis
224 2908 338 2970 mons,
360 2890 494 2959 nullum
518 2891 593 2960 sine
613 2891 709 2960 curis
730 2889 940 2981 imperinm?
957 2887 1049 2956 Sileo
1067 2887 1244 2982 Scipiones

157 3004 204 3081 ab
218 3008 433 3080 exercitibus
449 3010 612 3081 desertos
625 3010 701 3079 suis
719 3009 935 3098 militumque
952 3007 1132 3099 perfidiam
1151 3032 1243 3079 nunc

159 3130 373 3224 proditorum
401 3154 505 3217 nunc,
533 3131 675 3224 quando
697 3131 747 3200 ita
775 3150 831 3199 res
858 3128 946 3214 tulit,
974 3133 1113 3224 propria
1138 3130 1241 3202 etiam

159 3266 272 3326 morte
297 3254 489 3325 vincentes.
511 3252 750 3324 Alexandrum
775 3264 869 3322 taceo
891 3273 1033 3325 suorum
1056 3254 1245 3336 seditiones

159 3386 196 3447 et
216 3379 361 3448 latentes
378 3375 533 3447 dolosae
550 3375 728 3445 molimina
746 3375 1039 3467 comprimentem.
1055 3375 1244 3447 iucundius

164 3507 301 3570 tuorum
322 3499 484 3591 exempla
506 3501 660 3569 lecturus
678 3497 738 3567 sis.
753 3498 860 3568 lulius
881 3500 999 3570 Caesar
1021 3519 1110 3569 unus
1132 3518 1152 3566 a
1171 3505 1246 3570 toto

161 3620 444 3699 circumvallatus
456 3618 612 3690 exercitu
630 3639 697 3688 non
712 3618 815 3691 modo
828 3641 897 3690 non
916 3620 1036 3701 timuit,
1053 3617 1116 3688 sed
1132 3619 1246 3688 timeri

161 3740 265 3808 etiam
287 3741 551 3834 promptissimo
571 3741 686 3812 animo
706 3754 809 3833 atque
832 3741 997 3814 indomita
1017 3741 1144 3809 virtute
1165 3761 1247 3832 pro-

162 3863 303 3943 meruit,
329 3885 587 3955 paucorumque
609 3865 777 3956 supplicio
797 3866 968 3953 uniusque
987 3861 1132 3951 legionis
1148 3863 1247 3951 igno-

162 3980 266 4052 minia
279 3995 314 4053 et
328 3987 430 4057 saluti
444 3986 599 4058 omnium
609 3987 785 4059 consuluit
797 3995 833 4056 et
845 3984 960 4054 decori
976 3985 1123 4077 proprio.
1134 3982 1245 4064 Quem

162 4104 314 4177 imitatus
328 4107 529 4183 Alexander
546 4110 709 4205 princeps
728 4112 905 4180 Romanus
921 4116 956 4177 et
976 4105 1055 4197 ipso,
1075 4127 1167 4198 saepe
1187 4128 1247 4177 no·
