2670 4688
304 291 397 339 uranu
418 288 953 346 vrensruusounnrus.-nnrsronn
976 287 1029 335 vn.
1141 272 1201 335 llll

123 452 245 504 omnes
265 434 379 521 longae
401 432 469 500 viae
487 430 600 500 nexus
621 451 661 500 ae
682 430 832 500 latebras
850 429 895 499 ab
912 430 996 523 ipsis
1014 426 1205 500 incunabu-

125 559 167 627 lis
188 553 233 625 ad
259 573 459 646 supremam
483 552 610 643 eloquii
636 572 751 622 arcem
771 551 882 622 ducis.
904 553 1029 633 Plaoet,
1056 551 1205 622 delectat

123 687 158 749 et
182 674 300 747 mirari
321 674 430 765 cogit,
457 694 500 744 eo
525 695 676 765 namque
703 673 938 775 aspirantibus
966 671 1049 743 nihil
1073 674 1203 756 utilius

124 796 348 868 Ciceroniana
364 795 521 866 claritas:
539 806 723 887 provectos
740 794 924 876 illuminat,
944 804 978 864 et
994 796 1128 864 oelsum
1145 816 1205 866 va-

125 917 204 987 lidis
225 916 290 988 iter
311 915 437 1006 signat.
464 916 539 987 Tua
563 914 733 987 sedulitas
759 916 854 1010 ipsos
879 937 1019 1007 quoque
1040 917 1134 987 fovet
1153 915 1206 985 in-

126 1038 275 1121 validos
297 1048 333 1109 et
352 1037 481 1129 optima
506 1037 626 1109 nutrix
651 1037 868 1129 ingeniorum
896 1040 983 1108 laete
1010 1037 1131 1107 humili
1156 1048 1204 1111 te·

126 1180 246 1229 ueram
279 1159 391 1251 pascit
421 1158 611 1231 infantiam.
646 1159 716 1231 Sed
748 1181 793 1231 ne
828 1159 889 1231 tibi
918 1160 1048 1230 veritas
1080 1159 1205 1232 blando

126 1291 287 1374 suspecta
308 1281 363 1365 sit,
391 1282 580 1353 mutandus
599 1290 656 1352 est
675 1282 787 1354 stilus.
805 1283 843 1351 ln
865 1291 898 1353 te
916 1280 1022 1372 igitur
1042 1303 1081 1351 re
1101 1303 1208 1375 appa·

127 1401 195 1470 ruit
222 1424 345 1474 verum
378 1403 580 1496 essequod
606 1403 727 1476 Ciooro
755 1404 847 1475 idem
882 1401 930 1474 ait
960 1402 996 1472 in
1028 1401 1207 1474 rhetoricis

126 1524 255 1595 oratori
268 1524 448 1596 minimum
462 1525 506 1596 de
519 1532 594 1596 arte
607 1525 714 1617 loqui,
733 1527 843 1596 multo
856 1523 1048 1596 maximum
1068 1534 1206 1595 exarte

125 1646 250 1719 dicere.
271 1646 347 1718 Non
374 1657 490 1718 tamen
512 1656 549 1717 ut
568 1647 626 1717 ille
651 1647 877 1737 Hermagorae
902 1646 947 1716 de
971 1666 1043 1737 quo
1066 1645 1204 1736 agebat,

126 1771 176 1840 sic
195 1791 262 1860 ego
282 1768 344 1841 tihi
364 1769 489 1841 horum
506 1770 653 1840 alterum
671 1769 795 1860 eripio:
816 1778 1002 1859 utrumqne
1021 1787 1206 1839 conoesse-

125 1889 206 1960 rim:
241 1890 304 1961 sed
337 1890 404 1961 hoc
436 1889 668 1973 mediocriter,
698 1889 784 1960 illud
806 1889 949 1971 eximie,
981 1899 1085 1979 etque
1118 1889 1206 1959 adeo

125 2012 336 2083 excellenter
357 2023 395 2083 ut
411 2010 473 2082 vix
492 2012 684 2105 quidquam
706 2009 809 2082 adiici
833 2010 902 2080 iam
928 2009 1083 2080 humano
1103 2029 1206 2101 posse

126 2132 285 2204 videatur
306 2132 455 2225 ingenio.
477 2132 649 2225 Equidem
666 2143 834 2225 quantum
856 2131 922 2202 hoc
943 2141 1003 2202 tuo
1023 2127 1207 2221 magnifico

124 2276 230 2353 opere
245 2257 369 2328 collato
387 2278 467 2327 eum
484 2276 527 2327 eo
547 2253 637 2326 libro
653 2276 756 2348 quern
776 2253 953 2325 decausis
973 2251 1113 2324 edidisti
1134 2251 1205 2343 (qui

125 2376 254 2448 ideirco
275 2398 343 2447 non
363 2377 464 2466 periit
487 2385 523 2445 ut
539 2385 715 2446 constaret
730 2386 870 2446 aetatem
888 2384 1043 2445 nostram
1060 2374 1206 2465 optima-

127 2520 203 2567 rum
225 2518 341 2566 reruni
364 2495 540 2586 praecipue
560 2495 794 2584 negligentem
815 2494 1043 2564 mediocrium
1059 2493 1204 2582 nonita}

127 2617 212 2687 satis
233 2614 502 2705 intelligentibus
525 2624 629 2705 patet,
653 2616 761 2685 multo
783 2626 816 2685 te
841 2613 967 2683 melius
987 2613 1074 2682 cotis
1094 2611 1206 2683 officio

127 2740 281 2810 sunctum
302 2757 399 2821 esse,
417 2757 522 2828 quam
540 2737 717 2829 gladii„et
733 2750 905 2809 oratorem
924 2738 1073 2805 formare
1087 2747 1207 2827 poten-

129 2862 195 2932 tius
211 2882 315 2954 quarn
343 2872 522 2954 praestare.
549 2859 588 2930 ld
609 2882 652 2932 ne
677 2859 724 2931 ad
748 2859 908 2932 iniuriam
937 2857 1057 2930 trahas
1084 2857 1204 2929 velim:

127 2983 189 3054 sed
212 2984 386 3076 intelligas
407 2984 442 3056 in
465 2985 595 3077 teipso
621 2983 655 3055 in
680 3005 750 3077 que
775 2983 851 3055 aliis
877 3006 1057 3076 nunquam
1083 2984 1134 3053 sio
1154 2985 1205 3054 in·

127 3103 265 3195 genium
288 3128 394 3176 unum
421 3130 483 3200 par
502 3105 547 3178 ad
566 3107 698 3194 omnia,
722 3118 843 3179 utnon
862 3108 976 3198 aliqua
998 3105 1032 3174 in
1055 3115 1205 3197 partese
1269 3140 1271 3145 ·

128 3228 255 3297 vincat.
285 3229 433 3318 Magnus
454 3232 563 3300 fateor
588 3230 643 3300 vir
667 3232 774 3315 fuisti,
799 3230 866 3302 sed
892 3229 1114 3327 instituendis
1137 3232 1207 3301 for-

129 3347 334 3438 mandisque
359 3351 494 3439 magnis
516 3351 601 3421 viris
625 3353 819 3423 maximus:
840 3352 955 3443 etqui
977 3351 1006 3419 si
1029 3350 1205 3421 materiam

128 3468 287 3540 idoneam
308 3479 431 3538 nactus
444 3491 558 3553 esses,
575 3483 608 3542 te
625 3473 791 3543 maiorem
805 3494 852 3543 ex
869 3485 903 3543 te
917 3471 1014 3542 facile
1031 3470 1205 3561 gigneres;

127 3590 250 3662 doctus
283 3589 450 3661 nobilium
478 3592 589 3662 cultor
622 3593 853 3684 ingeniorum.
885 3594 964 3664 Fuit
993 3600 1111 3663 autem
1144 3590 1204 3663 tibi

94 3705 104 3718 ’
128 3714 301 3784 aemulatio
321 3735 389 3783 non
412 3714 502 3783 levis
526 3715 643 3805 magni
664 3717 847 3788 cuiusdam
869 3716 1012 3786 ulterius
1033 3714 1112 3797 viri,
1136 3715 1204 3784 An-

129 3857 242 3907 naeum
264 3837 430 3906 Senecam
449 3835 536 3904 dieo.
560 3837 655 3917 Quos
677 3849 781 3919 aetas,
804 3860 893 3928 quos
911 3837 1093 3929 professio,
1116 3858 1205 3929 quos

129 3957 220 4027 natio
241 3958 417 4039 iunxerat,
441 3956 597 4026 seiunxit
617 3957 753 4048 parium
772 3959 880 4048 pestis
899 3959 997 4028 livor.
1017 3959 1091 4041 Qua
1112 3959 1145 4028 in
1168 3982 1204 4028 re

128 4081 244 4151 nescio
265 4104 308 4152 nn
331 4090 366 4151 tu
388 4078 578 4152 modestior·
599 4077 756 4162 videaro;
779 4079 948 4172 siquidem
971 4103 1033 4152 nuo
1056 4093 1090 4151 tu
1109 4081 1203 4150 illuni
