2670 4688
185 219 237 278 tttt
638 231 798 280 rauranum
1316 264 1322 313 Ι

177 376 260 445 dum
297 371 397 443 vobis
431 373 511 443 huic
541 373 658 444 arbori
694 392 805 466 usque
836 372 882 444 ad
908 395 1136 470 vesperam,
1159 379 1221 451 boc
1239 399 1281 451 est

65 530 69 535 -
181 517 290 588 usque
304 495 349 566 ad
362 495 465 565 huius
487 495 571 566 vitae
585 495 769 566 terminum
787 494 984 567 admonui:
1000 500 1156 573 addens
1169 502 1281 596 dequo

177 615 623 708 memodubitat,nunquam
642 617 767 687 melius
780 637 862 688 esse
880 640 1113 693 mansuros:
1134 625 1280 697 malefida

178 739 270 808 enim
292 737 481 831 voluptatis
499 739 617 820 statio,
637 736 803 830 adquam
822 742 995 813 velutad
1018 758 1176 837 portum
1196 770 1278 818 mun-

179 859 246 929 dus
267 861 362 930 iners
381 857 539 940 confluit,
560 859 756 931 utblandos
779 861 948 932 introitus
975 866 1034 935 sie
1060 878 1213 940 moestos
1231 871 1276 937 ba-

179 980 238 1052 bet
255 1002 296 1051 ae
319 980 513 1072 praeeipites
532 1003 718 1070 egressum
737 982 874 1072 quodsi
893 1007 1069 1076 unquam
1094 991 1278 1064 dubitatum

178 1115 285 1187 esset,
319 1104 405 1173 beu!
441 1105 535 1173 clare
567 1104 671 1175 mimis
692 1126 734 1173 ac
752 1102 905 1174 terrifice
932 1128 1014 1178 non
1041 1112 1130 1183 sine
1149 1116 1233 1185 meis
1250 1126 1276 1183 et
1325 1086 1328 1091 ⁸

179 1229 366 1297 multorum
380 1225 530 1295 lacrimis
545 1247 657 1316 nuper
669 1227 839 1318 apparuit.
856 1226 920 1307 En,
931 1230 1071 1314 amice,
1085 1237 1276 1328 parabolam
1325 1208 1328 1287 s

179 1346 242 1416 tibi
263 1369 373 1417 meam
395 1348 471 1438 ipse
491 1347 656 1417 reseravi.
672 1348 841 1439 Superest
859 1357 897 1418 ut
918 1357 956 1418 et
981 1355 1115 1427 amico
1137 1358 1188 1429 illi
1208 1361 1278 1451 opti·

179 1490 238 1538 mo
257 1480 292 1539 et
309 1467 369 1539 tibi
383 1468 514 1560 gratias
532 1489 648 1558 agam,
668 1471 726 1561 qui
746 1488 808 1561 pro
827 1467 929 1539 brevi
953 1491 1110 1570 papyro
1133 1501 1276 1552 moneam

179 1590 283 1663 modo
309 1590 353 1663 de
379 1612 448 1682 qua
475 1589 643 1681 loquebar
668 1588 846 1674 arborem,
870 1589 936 1660 sed
961 1601 1091 1669 totum
1114 1603 1205 1673 mihi
1226 1616 1278 1674 ter·

179 1733 296 1783 rarum
318 1711 438 1782 orbem
460 1712 495 1780 in
514 1711 724 1782 membranis
738 1711 953 1805 descriptum
973 1715 1127 1812 insigni
1150 1726 1277 1817 quidem

175 1835 326 1905 artifieio
344 1833 544 1905 remisistis:
573 1845 679 1927 utque
697 1833 868 1906 ambobus
890 1843 927 1904 et
949 1837 1109 1915 arboris
1140 1860 1279 1919 ostensa

179 1956 411 2047 refrigerium,
431 1967 467 2027 et
484 1958 651 2027 mentium
670 1977 926 2049 corporumque
955 1962 1223 2041 valetudinem
1243 1972 1281 2040 im

179 2097 387 2146 concussam
414 2098 455 2149 ac
486 2088 689 2170 perpetuam
712 2100 843 2173 precer.
865 2078 963 2149 Vale.
989 2084 1222 2164 Mediolani:
1239 2093 1282 2162 ille

180 2208 270 2267 tuus.

681 2329 754 2339 ι.-

574 2472 750 2537 aristote
772 2472 852 2536 [ΧΠ.

408 2617 601 2667 intumescas
623 2616 791 2665 aerumma
814 2617 855 2665 ln
876 2616 1033 2694 rumorum.

553 2750 716 2804 Gratulatur
729 2749 882 2804 victoriam.

274 2938 399 3009 Virtuti
418 2950 489 3010 tuae
509 2909 740 3028 congratulor,
762 2938 978 3023 adolescens
1000 2949 1164 3033 quando
1182 2967 1221 3028 tn
1237 2959 1284 3031 sic

177 3083 269 3132 unus
289 3060 479 3131 adversum
501 3045 616 3142 millia,
639 3060 689 3130 sie
703 3062 798 3130 solus
818 3059 1009 3132 adversum
1034 3074 1196 3157 agmina
1214 3083 1283 3152 013.

176 3204 257 3252 vam
280 3181 324 3253 de
349 3181 511 3252 manibus
542 3182 699 3253 Herculis
718 3181 910 3254 extorsisti.
934 3182 1156 3279 Redemisti,
1188 3200 1281 3271 sicut

176 3303 288 3385 audio,
306 3303 424 3394 iugera
438 3314 495 3374 tua
510 3304 697 3375 certamine
712 3325 851 3394 magno:
867 3304 961 3396 quod
973 3326 1016 3374 eo
1031 3308 1160 3387 laetius
1176 3319 1281 3391 intel-

177 3429 246 3496 lexi
261 3428 472 3518 quoeertius
488 3449 566 3498 reor
584 3425 629 3496 ob
648 3426 713 3495 lroc
734 3427 803 3497 ulla
823 3439 858 3497 te
879 3427 1041 3497 iactantia
1060 3454 1137 3506 non
1158 3447 1278 3515 extol-

176 3551 210 3618 li.
234 3551 302 3619 lam
318 3549 436 3620 verbis
451 3571 519 3620 non
537 3561 618 3639 eget
637 3561 787 3640 tempus:
807 3559 943 3642 tempus
957 3559 1023 3631 est,
1048 3552 1189 3644 fateor,
1205 3565 1276 3635 iam

178 3673 283 3742 sulcis
299 3674 411 3742 telluri
427 3672 558 3742 semina
576 3670 733 3741 credere:
750 3692 831 3763 quae
845 3693 947 3742 suum
968 3686 1114 3762 sperato
1130 3683 1276 3757 foenora

176 3818 244 3863 non
262 3794 450 3889 deceptura
467 3795 652 3878 cultorem,
676 3793 856 3866 stridentia
871 3795 1024 3886 plaustra
1040 3816 1193 3888 vocent,
1210 3829 1275 3877 cu-

176 3917 377 4008 molemque
391 3909 506 3989 latices
525 3939 626 3989 areas
643 3917 687 3989 ad
710 3917 882 3988 trituram.
904 3918 1000 3988 Vale.

679 4087 753 4099 ...n—-
