2670 4688
132 306 170 368 Η
472 314 513 366 DE
535 313 635 366 REBUS
656 314 878 367 subintramus

130 457 176 528 ad
196 455 341 547 gloriam
362 453 496 546 primus
517 454 662 553 gradus.
685 454 760 526 Non
783 465 913 522 temere
931 455 1052 534 fateor,
1081 455 1144 525 sed
1164 454 1208 526 de

129 577 302 648 industria
327 597 535 670 responsum
549 581 645 650 traxi
665 575 947 650 dissimulaturus
974 576 1009 644 in
1031 572 1148 660 finem,
1179 579 1207 646 si

114 675 167 770 ‘tu
193 699 338 772 sineres.
360 700 513 772 Difficilis
540 700 665 793 nempe'
685 696 829 769 materia
854 708 921 781 est,
943 697 1113 770 difficilior
1139 701 1207 771 lor-

130 831 226 895 tasse
245 845 351 917 quam
373 825 477 908 reris,
504 824 538 893 in
564 842 633 913 qua
653 818 739 889 mibi
763 822 819 891 vel
841 821 937 913 loqui
957 821 1204 915 periculosum,

130 947 185 1017 vol
207 954 324 1017 tacere
341 959 544 1041 suspectum
560 951 623 1013 est.
642 941 694 1013 lta
710 940 803 1012 enim
821 963 900 1013 sum
917 950 957 1012 ut
974 963 1089 1014 sermo
1106 963 1207 1014 meus

128 1069 242 1140 omnis
268 1067 334 1140 hac
359 1069 395 1138 in
421 1089 460 1138 re
485 1061 661 1136 accusatio
685 1063 744 1147 sit,
772 1065 946 1136 silentium
973 1075 1206 1159 contemptus

128 1191 260 1264 veritas
274 1190 408 1274 odium,
424 1189 521 1260 iocus
540 1184 667 1257 irrisio.
688 1189 912 1260 Desertorem
940 1210 1040 1262 suum
1062 1201 1204 1273 vocant,

128 1325 163 1383 et
190 1313 245 1390 sic.
266 1309 398 1382 habent
423 1309 525 1403 quasi
554 1308 614 1403 qui
642 1310 752 1381 saeris
777 1308 933 1382 initiatus
965 1312 1049 1394 aris,
1085 1324 1206 1404 postea

129 1435 268 1508 violatis
294 1444 355 1504 aut
378 1432 546 1524 neglectis
571 1432 749 1505 Eleusinae
768 1433 907 1505 Cereris
932 1456 1057 1505 arcana
1083 1436 1207 1526 vulga-

127 1556 250 1626 verim.
265 1556 342 1647 ligo
353 1554 505 1647 quidem,
526 1557 646 1641 amice,
665 1554 713 1628 illi
735 1556 851 1629 stadio
868 1577 957 1656 puer
976 1555 1204 1628 destinatusa

125 1686 223 1769 patre
243 1675 306 1747 vix
329 1675 575 1749 duodecimum
596 1677 855 1750 aetatisannum
873 1698 1141 1772 supergressus,
1171 1689 1206 1748 et

125 1798 170 1870 ad
189 1798 340 1871 lllontem
365 1801 597 1872 Pessulannm
617 1800 744 1895 primo,
772 1799 854 1873 inde
879 1802 1071 1875 bononiam
1091 1811 1205 1873 trans-

126 1922 273 2007 missus,
298 1925 518 2017 septennium
532 1923 566 1993 in
579 1945 622 1995 eo
641 1926 817 2016 integrum
837 1924 1037 2020 absumpsi,
1060 1925 1206 2018 eiusque

125 2046 243 2138 quoad
262 2066 327 2141 per
342 2056 483 2119 aetatem
504 2056 539 2118 et
556 2044 732 2138 ingenium
746 2044 853 2132 licuit,
869 2047 1066 2120 rudimenta
1083 2069 1205 2142 perce-

123 2156 170 2261 pi.
191 2168 299 2241 Cuius
323 2171 488 2262 temporis
501 2191 546 2240 an
558 2189 615 2239 me
629 2167 925 2263 hodiepoeniteat,
948 2168 977 2238 si
992 2189 1111 2260 roger,
1128 2169 1203 2239 bae-

124 2311 242 2361 ream:
264 2312 347 2361 nam
367 2303 402 2363 et
418 2290 551 2364 vidisse
572 2291 687 2362 omnia
708 2291 739 2362 si
759 2291 861 2363 liceat
880 2290 996 2375 velim,
1015 2299 1052 2361 et
1072 2300 1201 2362 tantam

126 2411 331 2504 perexiguae
353 2414 434 2485 vitae
454 2424 590 2509 partem
609 2413 791 2486 effluxisse
811 2412 895 2484 mihi
913 2413 1026 2496 doleo,
1048 2412 1203 2505 dumque

124 2531 256 2625 aliquid
275 2533 359 2605 vitae
375 2534 549 2628 supererit
568 2533 704 2608 dolebo.
725 2533 830 2607 Aliud
850 2554 957 2626 agere
976 2556 1040 2629 per
1059 2555 1121 2608 eos
1142 2558 1203 2607 an-

124 2677 189 2729 nos
207 2656 302 2751 potui
317 2657 393 2728 sive
410 2657 561 2730 nobilius
579 2657 655 2729 sive
671 2670 807 2731 naturae
829 2679 917 2729 meae
935 2660 1061 2752 aptius.
1083 2659 1203 2749 Neque

123 2780 215 2851 enim
236 2800 376 2873 semper
395 2779 431 2850 in
452 2777 614 2870 eligendo
634 2780 718 2851 vitae
738 2800 868 2871 genere
890 2779 1128 2872 pulcherrima
1149 2799 1202 2847 re-

122 2924 214 2986 rum,
241 2902 305 2974 sed
329 2900 540 2994 eligentibus
565 2901 747 2994 aptissima
771 2903 1015 2996 praeferuntur.
1044 2897 1203 2991 Alioquin

122 3045 243 3096 omnes
270 3023 429 3096 homines
449 3045 558 3094 unum
585 3023 740 3096 studium
767 3021 948 3105 baberent,
975 3021 1138 3114 qnoniam
1169 3024 1203 3093 in

122 3147 227 3220 rebus
248 3144 409 3220 omnibus
430 3168 540 3221 unum
557 3146 732 3217 excellere
747 3154 803 3216 est
819 3164 980 3226 necesse,
994 3164 1065 3236 quo
1082 3146 1111 3216 si
1128 3168 1203 3219 om-

121 3270 217 3341 nium
239 3268 433 3341 mortalium
454 3278 578 3363 pergat
599 3267 758 3350 intenti0,
789 3265 940 3359 quidde
967 3265 1042 3338 aliis
1069 3264 1148 3340 fiet?
1168 3270 1202 3337 Si

121 3393 264 3485 quidem
282 3392 327 3465 ad
345 3392 601 3486 philosophiam
622 3410 745 3462 omnes
770 3390 895 3461 autad
920 3389 1088 3484 poeticam
1109 3390 1202 3484 aspi-

122 3523 213 3598 rent,
236 3514 320 3608 qnid
340 3525 422 3606 aget
441 3513 631 3605 navigatio
658 3513 743 3606 quid
770 3513 983 3603 agricultura
1008 3525 1044 3585 et
1070 3515 1202 3605 reliqua

120 3637 250 3730 quibus
276 3639 360 3710 vitae
386 3639 541 3709 mortalis
566 3637 735 3710 auxilium
765 3637 964 3730 quaeritur?
998 3641 1048 3708 Da
1079 3655 1202 3706 omnes

122 3759 284 3831 Platones
314 3769 374 3830 aut
404 3761 593 3842 Homeros,
628 3760 674 3830 da
706 3760 890 3831 Cicerones
924 3772 985 3831 aut
1014 3758 1201 3847 Virgilios,

125 3873 203 3966 qnis
236 3874 303 3945 erit
328 3886 463 3960 arator,
490 3876 570 3968 quis
603 3888 789 3960 mercator,
822 3877 1047 3957 architectus,
1081 3872 1200 3956 taber,

126 4007 237 4080 sutor,
270 4000 405 4092 caupo?
438 4000 512 4071 sine
544 3998 672 4094 quibus
704 4023 829 4092 magna
861 3999 1001 4090 ingenia
1033 3998 1200 4078 esurient,

128 4126 286 4210 tectoque
309 4116 456 4209 ciboque
478 4129 635 4193 carentes
655 4120 700 4191 ab
721 4121 794 4211 ipsa
821 4120 985 4191 nobilium
1008 4119 1199 4190 studiorum
