2670 4688
248 124 341 172 claun
362 122 674 174 vlccslltttsranrws,
687 142 723 155 -·
737 120 890 173 adsueta
913 124 954 171 xl.
1085 106 1145 168 213

63 260 231 352 sanguine
253 257 384 340 rubuit,
413 259 479 329 illic
498 258 612 329 calces
630 265 700 326 tuae
723 257 820 326 iulvc
841 255 976 326 radient
997 256 1143 326 metallo.

62 382 232 454 Caeterum
253 391 289 450 tu
312 391 348 452 ut
365 377 458 450 libet.
481 381 618 469 ligone
643 378 753 449 amico
770 378 914 448 c'cnsilio
940 400 997 448 res
1024 388 1146 469 egeret

57 504 221 598 praestiti.
245 501 302 571 Sic
322 510 368 570 ne·
381 501 544 593 exemplo
561 509 677 570 eareat
690 499 845 569 efficiam.
863 497 1047 569 Gotlredus
1069 499 1142 569 dux

55 628 185 719 virque
204 624 293 695 adeo
317 624 448 703 clame,
472 632 510 691 ut
529 642 593 713 per
617 640 678 690 ora
705 620 883 690 homiuum
905 630 940 690 et
965 621 1144 711 pennulas

53 751 131 820 fere
152 749 306 819 omnium
323 745 512 815 Galliarum
528 745 620 815 iuter
636 744 742 816 trium
763 755 937 815 sectarum
961 754 1146 846 ternosut

57 871 257 965 perhibent,
279 869 507 952 excellentes,
534 865 609 959 ipse
634 866 774 960 quidem
802 865 952 959 scriptus
976 876 1011 936 et
1030 864 1144 960 pietus

55 990 336 1061 Christianorum
364 990 502 1060 tertium
530 995 645 1059 teneat
676 990 806 1072 locum,
833 997 960 1058 terram
989 1000 1144 1058 sanctam

56 1111 154 1194 adiit,
168 1111 393 1202 expugnavit,
413 1110 553 1193 domuit,
572 1109 668 1180 etad
685 1113 814 1181 cultum
832 1130 929 1179 verae
944 1108 1025 1180 fidei
1039 1108 1142 1180 redu-

59 1240 125 1320 xit;
140 1241 319 1330 multoque
333 1238 378 1308 illi
394 1239 527 1309 felicius
546 1238 718 1309 successit
731 1237 972 1308 haereditatem
988 1251 1143 1308 nostram

58 1361 105 1431 de
127 1384 232 1431 manu
255 1361 429 1432 fortissimi
456 1360 566 1431 hostis
591 1360 743 1451 eripere,
765 1381 869 1451 quam
899 1357 1046 1450 posteris
1069 1358 1143 1430 suis

59 1482 218 1555 eamdem
232 1482 276 1553 ab
290 1482 527 1574 ignavissimis
540 1481 728 1552 custodire.
742 1481 809 1551 Sed
823 1479 899 1550 haec
914 1487 1064 1551 transeo.
1077 1480 1142 1550 Ne-

60 1627 130 1698 que
150 1606 242 1675 enim
263 1626 356 1675 nova
377 1604 476 1690 mihi,
500 1626 613 1695 neque
633 1603 774 1674 omnino
799 1613 994 1672 nostrarum
1017 1603 1143 1671 virium

62 1728 205 1823 querela
220 1737 284 1796 est.
306 1727 357 1798 Ad
371 1726 407 1797 id
419 1746 505 1796 vero
518 1726 611 1817 quod
627 1725 785 1816 sequitur
798 1746 856 1794 cor
873 1724 1024 1793 intende.
1043 1725 1144 1794 Nullo

62 1847 222 1940 equidem
245 1859 345 1943 pacto
364 1848 443 1918 duci
465 1847 512 1917 illi
531 1857 566 1916 et
583 1847 670 1938 regii
688 1846 792 1916 animi
809 1857 844 1916 et
860 1845 982 1916 victori
998 1867 1144 1939 persua-

62 1967 137 2039 deri
162 1969 275 2059 quivit
300 1980 338 2040 ut
362 1968 467 2061 Regis
501 1988 627 2038 nomen
655 1989 695 2038 ac
720 1990 907 2063 purpuram
934 1978 1140 2038 assumeret.

61 2088 209 2179 Negavit
221 2089 312 2159 enim
331 2102 435 2182 posse
455 2090 502 2159 ibi
520 2111 559 2160 se
573 2108 737 2160 coronam
755 2110 895 2160 auream
914 2100 1064 2180 gestare,
1080 2086 1143 2158 ubi

62 2210 222 2280 Christus
237 2210 391 2300 spineam
406 2221 590 2300 gestasset.
605 2210 675 2279 Oh!
693 2213 896 2303 praeclaram
911 2210 1138 2280 modestiam!

62 2327 128 2399 Oh!
144 2328 258 2399 virum
272 2326 388 2397 veleb
409 2328 474 2398 hoc
489 2351 594 2399 unum
613 2338 693 2399 ante
711 2329 795 2398 alios
810 2328 952 2418 dignum
966 2329 1026 2419 qui
1042 2329 1140 2399 Chri-

64 2448 109 2519 sti
131 2447 275 2518 iniurias
295 2446 508 2518 vindicaret!
524 2448 625 2531 Quod
644 2449 673 2518 si
690 2448 747 2517 ille
768 2448 879 2518 victor
895 2458 1061 2531 armatus,
1071 2449 1142 2544 spi-

63 2590 186 2640 uarum
208 2569 337 2640 Christi
357 2590 500 2652 memor,
523 2569 788 2642 aurumvictriei
810 2580 845 2640 et
865 2571 1007 2642 emerita
1028 2572 1141 2644 lrcnte

61 2691 237 2781 contigere
260 2691 386 2773 renuit,
409 2713 478 2783 qua
503 2692 614 2761 fronte
638 2713 754 2783 quove
780 2691 897 2762 animo
922 2688 1143 2764 Christianus

62 2813 284 2884 homoncstri
299 2814 482 2908 temporis,
505 2836 573 2884 ncn
592 2825 760 2884 terrarum
781 2815 892 2885 vietor
910 2815 1059 2897 illarum,
1080 2813 1143 2884 sed

62 2934 203 3004 humilis
223 2947 258 3006 ct
279 2938 454 3028 trepidans
475 2939 692 3032 peregrinus,
715 2938 792 3008 udis
810 2949 870 3009 aut
891 2920 1143 3031 pulverulentis

62 3053 216 3126 calcibus
229 3078 351 3127 aurum
374 3064 532 3150 premet?
548 3062 623 3131 Non
641 3083 742 3152 agam
762 3058 932 3154 pluribus,
956 3080 1020 3129 nce
1040 3080 1143 3151 opor·

64 3187 125 3257 tet3
146 3187 181 3283 et
202 3177 281 3246 licet
301 3181 1142 3274 sortequamplurimis‚quicontrariumvellece·

62 3299 433 3401 runtvelsaeturisunt‚
446 3301 1144 3399 hacdiffinitionedispliceamegetameu

62 3421 147 3492 nihil
170 3433 207 3493 ut
226 3420 390 3491 diffiniam
412 3421 503 3507 dien,
528 3411 591 3495 sed
613 3438 649 3495 ut
669 3428 859 3496 consulam.
883 3425 1012 3516 Corptis
1039 3421 1146 3493 absti-

63 3547 183 3616 nuisse
199 3545 380 3616 consilium
400 3566 515 3615 meum
533 3558 603 3633 est,
624 3560 692 3618 tam
716 3548 895 3640 sapientiae
917 3548 1057 3639 plenum
1080 3546 1145 3616 uti-

63 3685 141 3735 num
161 3689 264 3759 quam
284 3665 375 3738 fidei.
395 3667 437 3736 Et
451 3668 479 3735 si
493 3666 577 3758 quid
593 3668 704 3740 amieo
719 3669 846 3752 credis,
867 3668 913 3739 nil
935 3667 980 3739 ad
1000 3667 1142 3759 gloriam

62 3797 118 3857 est
136 3811 280 3860 necesse
298 3812 404 3861 aureo
421 3792 545 3882 capulo
563 3791 716 3888 gladium
735 3790 887 3873 vibrare,
911 3813 997 3863 auro
1014 3814 1143 3883 equum

61 3920 96 3980 ct
112 3913 248 3984 frenare
268 3926 302 3985 el
323 3938 494 4009 pungere,
517 3925 552 3985 et
568 3914 662 4009 quud
685 3935 778 4010 saepc
800 3914 865 3988 iam
880 3915 1050 4000 diximus,
1072 3918 1143 3988 cal-
