2670 4688
193 383 196 389 y
295 304 387 353 nmen
409 304 935 359 vrcssntusrscrtus.-smsrona
959 312 1020 359 xiv.
1127 296 1185 357 227

501 580 678 644 sptstcts
701 580 770 644 XIV.

106 741 298 791 snanctsctts
318 740 488 791 nantuel
509 741 643 791 IOHANNI
663 742 820 792 Episcopo
842 743 1036 795 clavatensi
1056 748 1082 796 S.
1104 748 1133 796 P·
1156 750 1186 821 Dp.

106 874 250 946 tntuperai
263 891 324 929 enm
340 874 478 931 scribendi
497 874 634 929 rationem
655 892 711 947 qua
729 892 818 930 unum
831 877 872 932 uti
886 878 982 948 plures
1001 878 1187 952 alloquimur3

194 971 223 1019 et
241 968 337 1018 nmat
349 979 381 1018 se
395 962 572 1018 Germaniam
585 979 683 1020 versus
696 964 862 1036 proiectum,
877 966 1023 1023 itineribus
1032 968 1188 1040 preclusis,

195 1055 325 1109 venetias
339 1053 491 1109 divertisse.

206 1293 283 1365 Non
301 1294 469 1384 exiguum
491 1293 525 1362 in
547 1303 725 1386 stuporem
748 1308 806 1367 lua
826 1316 882 1365 me
904 1295 1011 1366 traxit
1031 1296 1187 1387 epistola.

106 1415 227 1485 Novus
252 1414 344 1484 enim
372 1414 406 1483 in
433 1413 552 1508 primis
578 1435 619 1485 ac
645 1413 745 1485 nobis
779 1416 939 1488 insolitus
973 1417 1077 1488 stilus
1102 1429 1188 1488 erat.

109 1538 290 1609 Pluraliter
323 1558 378 1607 me
410 1538 597 1630 compellas
631 1558 711 1607 cum
745 1536 808 1608 sim
843 1560 950 1623 tinus,
985 1539 1191 1631 integerque

108 1662 252 1745 utinam,
275 1681 340 1731 nec
360 1659 394 1729 in
416 1661 523 1730 multa
548 1658 795 1731 dissidentium
822 1663 1072 1733 sententiarum
1100 1661 1191 1732 bella

106 1780 304 1854 distractus
331 1782 407 1872 Ego
433 1780 549 1851 stilum
578 1800 647 1849 non
670 1781 826 1864 mutabo,
853 1804 924 1875 quo
943 1791 978 1853 et
997 1781 1089 1853 docti
1110 1782 1190 1851 olim

107 1924 238 1984 omnes,
261 1915 297 1973 et
317 1923 381 1973 nos
404 1900 465 1972 diu
483 1901 630 1973 invicem
652 1904 706 1973 usi
719 1925 858 1987 sumus;
874 1903 1193 1994 modernorumque

108 2025 291 2099 blanditias
312 2046 353 2096 ac
373 2046 489 2095 meras
510 2023 657 2117 ineptias
677 2024 884 2106 execrabor,
908 2024 1012 2117 inque
1032 2024 1099 2096 hoc
1116 2025 1192 2118 ipso

109 2148 305 2223 verecunde
323 2156 437 2221 tecum
459 2169 501 2218 ac
521 2146 736 2219 familiariter
754 2145 940 2238 gloriabor,
960 2146 1056 2241 quod
1073 2146 1191 2218 stilum

108 2274 203 2345 illum
226 2281 373 2367 patrum,
396 2270 518 2343 bacin
539 2281 638 2364 parte
658 2270 845 2341 femineum
858 2281 895 2341 et
907 2291 1084 2352 enervem,
1099 2290 1191 2343 unos

107 2417 184 2487 ego,
207 2416 271 2466 seu
289 2393 424 2488 primus
449 2394 570 2463 saltem
592 2413 655 2485 per
676 2392 818 2477 ltaliam,
841 2392 964 2463 videor
985 2393 1192 2465 immutasse

107 2515 207 2586 etad
228 2515 363 2585 virilem
383 2535 427 2587 ac
448 2513 598 2585 solidum
626 2514 817 2604 redegisse.
845 2515 896 2584 lta
916 2524 1032 2585 lamen
1057 2515 1123 2585 hoc
1143 2519 1193 2587 la-

108 2636 215 2719 ciam,
238 2633 305 2705 nisi
331 2641 365 2704 te
391 2634 530 2727 penitus
556 2631 651 2704 aliud
682 2635 775 2704 velle
805 2652 1016 2722 cognovero.
1035 2633 1194 2706 Accessit

108 2756 201 2851 quod
224 2761 353 2830 nullom
374 2778 532 2829 mearum
553 2756 747 2828 litterarum
769 2754 875 2826 huius
897 2756 1062 2848 temporis
1087 2755 1132 2826 ad
1160 2767 1193 2829 le

109 2881 213 2955 video
232 2883 449 2976 pervenisse.
476 2881 568 2953 Nulli
593 2880 685 2954 enim
712 2877 905 2975 respondes
924 2878 1102 2951 admirans
1129 2903 1193 2953 uec

108 3003 292 3088 immerito,
313 3004 408 3096 quod
428 3006 476 3076 ita
497 3015 530 3075 te
553 3002 675 3086 inscio,
696 3024 800 3096 quem
822 3003 1036 3097 praecipuum
1053 3023 1194 3094 semper

109 3122 226 3208 habui,
251 3137 379 3198 lanum
401 3127 539 3199 fecerim
562 3124 804 3209 mutationem,
835 3135 873 3195 ut
897 3126 1055 3196 fortunas
1078 3123 1192 3195 domi·

108 3247 295 3338 ciliumque
313 3249 562 3318 transtulerim.
588 3249 665 3338 Ego
688 3268 860 3319 veronen
883 3246 1056 3331 Venetiae,
1071 3245 1135 3317 sed
1146 3246 1193 3319 ad

109 3369 285 3441 Caesarem
303 3370 394 3440 etad
416 3381 450 3440 le
471 3379 651 3452 venturus
672 3369 869 3441 Mediolano
885 3367 965 3439 abii.
987 3370 1055 3440 Itcr
1075 3378 1191 3441 autem

109 3489 1195 3585 fortunapraecluserat3uecitermodosedreditum.Quider-
1247 3514 1254 3541 ι

109 3617 179 3705 go‘l
192 3613 397 3685 Terentiano
410 3614 521 3683 fretus
534 3613 689 3695 consilio,
706 3635 815 3706 quum
833 3612 928 3705 quod
945 3611 1104 3683 volebam
1124 3632 1193 3683 uon

111 3738 216 3831 potui,
238 3735 327 3828 coepi
351 3735 439 3805 velle
461 3735 556 3826 quod
573 3745 741 3826 poteram.
764 3736 885 3825 ltaque
911 3733 1195 3826 circumspiciens

110 3861 271 3931 etmulta
288 3856 526 3940 considerans,
548 3855 778 3949 propinquum
792 3855 1037 3938 diversorium,
1052 3866 1087 3927 et
1101 3855 1194 3928 hunc

112 3981 300 4074 publicum,
325 3993 364 4053 ul
383 3983 429 4053 ito
450 3978 613 4061 dixerim,
637 3977 779 4050 humani
793 3979 933 4070 generis
948 3987 1084 4074 protum
1099 3980 1191 4075 petii,

112 4103 195 4175 nihil
215 4116 343 4198 praeter
365 4104 498 4177 libellos
518 4110 554 4175 et
574 4104 726 4176 calamos
749 4125 884 4174 mecum
907 4105 1032 4176 tereus.
1055 4105 1137 4175 ilaec
1157 4113 1193 4173 et
