2670 4688
212 256 271 348 ⁴1ss
672 303 835 352 llllllllllthl

213 443 288 536 ipso
306 462 395 534 pene
414 454 590 534 portarunt
619 441 746 524 limine,
769 453 804 513 et
825 440 860 511 in
878 453 1021 524 vestro,
1050 455 1093 514 ut
1117 446 1171 516 ita
1197 445 1295 527 dican,

213 563 362 655 gremio,
401 562 586 636 crudeliter
623 565 822 636 interiectus
856 574 922 636 est.
967 567 1077 638 Heu!
1117 567 1179 638 vir
1204 568 1295 640 infelix

212 697 362 779 quantos
392 695 496 759 aetate
535 686 636 759 viridi
677 688 869 780 pertuleras
907 686 1099 760 labores?
1150 690 1295 775 Quotiens

212 809 329 901 ignota
351 820 519 881 terrarum
542 809 790 881 circumiveras
817 818 854 880 ut
878 811 1128 904 tranquillam
1152 816 1189 886 in
1210 817 1293 910 patria

215 942 273 1002 tua
306 932 444 1003 tandem
477 943 512 1003 et
545 932 745 1005 honoratam
780 954 903 1024 ageres
940 943 1210 1011 senectutem?
1241 940 1292 1024 Quo

213 1055 332 1151 pergis
358 1054 426 1126 ah!
455 1055 560 1125 miser
577 1056 706 1148 latique
733 1057 780 1126 tui
806 1055 939 1141 hessie,
969 1069 1010 1128 et
1039 1058 1190 1154 ubique
1217 1061 1293 1135 tutin

213 1200 318 1271 quam
344 1179 379 1249 in
403 1178 514 1273 patria
539 1180 678 1250 luture‘l
706 1181 783 1264 Quo
817 1179 956 1273 pergis?
990 1179 1082 1264 Quo
1112 1187 1220 1258 ruisi
1242 1188 1291 1272 Qu

215 1300 411 1374 miserande
432 1301 595 1372 festinas?
616 1302 689 1378 tini
710 1301 846 1374 canitur
867 1303 1052 1395 poeticum
1079 1308 1204 1380 illud:

493 1491 577 1556 Fallit
594 1497 622 1552 te
640 1491 796 1553 incautum
812 1489 907 1570 pietas
922 1495 986 1552 tua.

215 1667 301 1750 Quae
322 1690 399 1739 oum
422 1668 467 1738 sit
486 1689 612 1759 magua
633 1667 668 1737 in
688 1658 889 1761 parentibus
908 1672 943 1734 et
963 1664 999 1734 in
1019 1672 1287 1768 propinquiau

215 1792 262 1861 ait
287 1791 421 1874 Cicero,
445 1799 558 1861 tamen
581 1788 745 1882 lupatria
771 1788 924 1859 maxima
943 1798 1010 1858 est.
1038 1791 1107 1865 llla
1133 1806 1174 1868 te
1197 1797 1285 1894 procul

214 1912 321 1984 dubio
354 1912 512 1985 trahehat
545 1913 608 1983 soli
642 1913 766 1984 natalis
796 1909 1086 1985 amantissimum
1107 1943 1116 1987 :
1141 1920 1284 1995 illuciu

215 2036 488 2108 seniorredibas
508 2036 600 2108 unde
616 2059 703 2131 puer
720 2055 940 2118 excesseras,
959 2044 995 2104 et
1013 2033 1068 2107 illi
1088 2048 1220 2130 terrae,
1236 2060 1284 2139 qut

209 2167 249 2226 ‘te
271 2157 433 2227 inlautem
456 2168 614 2249 paverat,
636 2156 885 2248 latigataevitae
905 2153 1079 2245 reliquias
1108 2165 1282 2238 referebat.

213 2275 357 2369 oupiens
373 2277 429 2348 ubi
444 2288 541 2349 ortus
558 2300 649 2362 eras,
669 2278 769 2362 mori,
788 2290 823 2351 et
839 2277 899 2349 ubi
917 2286 1138 2371 reptaveras
1160 2286 1285 2384 sepeliri

215 2396 284 2471 Sed
303 2399 368 2473 obl
392 2403 520 2486 scelus,
544 2402 607 2474 ohl
632 2403 819 2474 inhumana
840 2402 968 2474 lenitas.
992 2402 1285 2486 Truculentissiu

215 2522 381 2609 homines,
404 2526 509 2599 immo
534 2549 619 2599 vero
643 2539 798 2599 eruentae
830 2534 866 2598 et
897 2524 1071 2596 immanes
1103 2529 1287 2620 bellnae

214 2646 448 2744 improvidum
485 2660 521 2721 et
557 2651 723 2722 inermem
760 2650 845 2720 calle
882 2645 998 2718 medio
1030 2659 1286 2744 expectabant:

214 2767 426 2843 horrendum
450 2782 486 2844 et
505 2773 663 2864 ignotum
683 2771 758 2843 orbi
779 2770 893 2842 italico
920 2768 1137 2864 praedonum
1178 2799 1287 2875 genus,

214 2893 272 2984 qui
306 2915 373 2964 uon
405 2897 550 2968 saturati
571 2916 656 2967 auro
676 2896 907 2988 quiesoerent‚
928 2913 1010 2986 quae
1032 2914 1289 2978 summa'volo·

214 3039 292 3086 rum
313 3016 510 3112 raptoribus
532 3039 612 3089 esse
633 3021 737 3101 solet,
760 3018 829 3088 nisi
851 3016 1007 3087 sitienter
1028 3029 1136 3092 tuum
1161 3026 1289 3121 sangui

213 3160 292 3209 nem
326 3139 520 3229 haurirent,
547 3153 583 3213 et
606 3150 809 3237 exoptatum
844 3140 1041 3232 ingressum
1075 3148 1216 3235 patriae
1245 3146 1289 3222 tili

214 3263 439 3360 praeriperent
451 3287 492 3337 ao
505 3267 738 3361 sepulchrum.
753 3265 825 3334 Oh!
842 3264 935 3334 sitim
953 3262 1142 3354 sanguinis
1164 3272 1290 3347 inaudi-

215 3398 294 3460 tam.
323 3387 413 3472 Quid
447 3389 594 3481 amplius
621 3387 787 3482 quaeritis,
823 3387 1012 3459 saevissimi
1044 3398 1185 3464 canes?
1212 3392 1291 3482 Quid

212 3511 369 3604 quaeritis
389 3511 423 3580 in
443 3532 588 3602 oorpore
609 3510 777 3603 spoliato?
802 3509 927 3582 Odium
954 3507 1096 3602 quidem
1123 3516 1243 3607 ignoti
1264 3529 1291 3588 et

213 3633 405 3706 innocentis
438 3631 587 3704 hominis
632 3653 697 3703 neo
730 3634 838 3703 ullum
864 3642 1072 3714 metuente,
1106 3657 1180 3709 neo
1215 3638 1291 3730 fingi

213 3772 355 3853 poterat.
377 3761 412 3830 Si
434 3759 508 3830 auri
530 3761 639 3830 lames
669 3778 754 3830 vera
781 3757 923 3830 sceleris
948 3769 1154 3846 causaest,
1185 3765 1292 3838 redite

214 3885 280 3955 iam
302 3885 420 3956 nelarii
442 3884 514 3955 voti
535 3890 712 3976 compotes
733 3880 777 3954 ad
796 3879 966 3977 praedam
995 3888 1031 3952 et
1055 3901 1195 3973 graves
1218 3906 1295 3983 spe
1333 3959 1335 3986 ζ

212 4004 334 4076 luncas
355 4008 537 4078 eriminum
556 4002 726 4080 officinas.
747 4015 784 4079 et
801 4001 863 4075 uui
881 4002 953 4077 illio
971 4000 1076 4077 avite
1096 4025 1167 4080 voe
1185 4030 1294 4105 expe

213 4133 306 4196 etant
325 4126 482 4223 hospites
501 4147 551 4203 re
998 4114 1001 4119 ’
1051 4130 1294 4226 impeditam
