2670 4688
155 254 213 316 ‘232
490 264 531 312 nr
553 262 653 310 nanus
675 260 896 311 ruuuruurnus

155 407 265 493 dabit,
288 407 565 499 semigermnnus
608 405 766 497 semique
802 404 920 485 italus,
942 401 1092 473 diiectus
1117 424 1242 485 meus,

156 532 260 603 borno
283 529 369 620 vigil
394 538 501 620 atque
532 549 611 598 aner
641 526 677 597 iu
710 527 833 597 titteris
863 525 1078 618 poeticisque
1098 526 1245 598 artibus

157 653 243 726 satis
263 650 456 734 exercitus,
478 650 525 721 ad
545 649 654 720 soiius
675 650 776 718 iamae
795 647 961 731 sonitum,
982 647 1078 739 quod
1103 647 1135 718 si
1164 648 1248 719 irni-

156 785 287 848 tatores
305 771 476 844 invenerit
492 782 612 842 nostro
633 793 701 842 non
717 770 875 841 ultimum
896 769 1012 842 studio
1031 770 1141 842 decus
1159 772 1245 856 erit,

157 895 356 992 posthabito
375 894 530 979 Patauio,
557 896 704 985 Pragam
732 894 827 986 petit,
848 891 1005 965 discendi
1025 895 1157 965 avidus
1179 895 1249 967 do-

158 1018 352 1113 cendique:
387 1017 514 1090 nullius
538 1016 678 1108 quidem
698 1017 748 1086 rei
769 1037 891 1107 egens,
914 1017 976 1088 sed
998 1016 1046 1088 tui
1068 1029 1247 1111 appetens

160 1140 302 1214 favoris.
321 1141 508 1231 Peregriuo
530 1136 658 1208 bomini
680 1136 802 1207 faciem
827 1150 921 1209 tuam
942 1137 1062 1209 videre
1083 1140 1248 1231 potuisse

160 1266 306 1335 muitum
332 1260 446 1332 suerit.
473 1258 511 1330 id
537 1280 577 1329 se
602 1257 691 1328 meis
719 1257 843 1327 litteris
869 1257 1076 1352 adepturum
1105 1273 1246 1351 sperat,

160 1387 215 1459 cui
234 1384 264 1455 si
281 1404 322 1454 se
338 1381 481 1472 dignum
504 1378 701 1474 praebuerit,
724 1381 806 1450 etsi
824 1382 948 1472 piacet,
969 1391 1027 1452 tua
1044 1381 1131 1453 nuiii
1149 1381 1249 1456 bono

161 1505 308 1580 difficilis
329 1499 586 1575 condescendat
608 1502 816 1574 humanitas.
841 1503 925 1573 Vale
951 1502 1109 1587 feliciter,
1135 1515 1187 1589 et,
1216 1509 1249 1578 si

160 1625 254 1719 quod
277 1636 331 1696 est
354 1623 483 1695 amoris
509 1620 593 1694 nudi
619 1625 791 1707 meritum,
828 1623 982 1696 rescribe
1003 1625 1144 1718 aliquid,
1174 1650 1249 1723 qno

162 1769 216 1821 mc
235 1746 386 1817 nondum
407 1767 427 1817 e
450 1744 627 1816 memoriae
650 1756 719 1817 tuae
739 1768 821 1817 arce
840 1746 1014 1818 deiectum
1030 1751 1151 1819 taeter.

302 1903 439 1973 venetiis,
456 1904 503 1958 Vl.
520 1903 659 1959 Kalendas
675 1903 855 1981 Septembris.

666 2149 740 2159 -η-μ..

562 2358 741 2422 uersibus
762 2359 841 2422 utu.

163 2518 357 2568 Fitchiscus
379 2520 548 2569 lauturus
566 2520 684 2571 rruuoru
701 2520 815 2571 sanari
832 2523 979 2572 suvanuu
997 2523 1106 2573 coniri
1123 2525 1149 2574 s.
1168 2528 1199 2576 n.
1218 2530 1249 2579 n.

198 2652 288 2708 Flocci
301 2669 332 2706 se
347 2654 437 2709 facere
450 2655 525 2726 quod
539 2671 584 2709 res
599 2671 657 2711 suae
670 2655 783 2728 Neapoli
798 2673 878 2711 secus
891 2672 923 2709 ac
935 2656 1046 2726 optabat
1060 2657 1215 2719 acciderint

302 2758 336 2796 ex
351 2745 433 2814 culpa
446 2744 600 2799 aulicorum
614 2745 760 2800 bominum
775 2762 847 2816 quos
862 2745 941 2799 valde
957 2747 1103 2817 vituperat.

263 2982 410 3053 Litteras
432 2993 530 3068 tuas,
551 2984 680 3078 inclyte
703 2983 769 3066 vir,
791 2981 852 3052 diu
871 2994 1075 3075 expectatus
1091 2999 1127 3056 et
1146 3006 1252 3082 saepe

165 3106 282 3178 forsan
301 3104 511 3198 interceptas
533 3105 670 3177 tandem
694 3105 797 3177 hodic
817 3104 930 3198 recepi
953 3108 1092 3200 legique
1121 3108 1249 3181 iibens.

164 3225 251 3298 Erat
269 3226 359 3299 enim
381 3225 480 3297 stitus
502 3227 642 3316 ingenio
663 3248 741 3298 meo
762 3225 905 3298 mirifice
925 3240 1123 3321 coaptatus..
1138 3232 1252 3304 Reco-

166 3349 273 3439 gnovi
298 3348 458 3442 equidem
480 3347 515 3418 in
535 3347 654 3419 verbis
681 3349 749 3420 tuis
769 3350 883 3422 Curiae
909 3373 1025 3422 moros
1054 3353 1133 3424 oiim
1162 3354 1250 3426 mibi

166 3471 325 3561 cognitos
345 3480 448 3562 atque
473 3470 619 3542 invisos.
645 3472 741 3543 Neve
767 3472 801 3542 in
819 3477 961 3565 longum
987 3497 1124 3560 exeam,
1151 3478 1251 3569 quod

167 3591 366 3662 valetudine
406 3592 558 3686 inquieta
598 3603 633 3664 et
669 3595 952 3688 occupationibus
983 3599 1101 3669 multis
1127 3609 1248 3684 vetor,

166 3711 260 3801 quod
285 3713 330 3784 ad
357 3714 525 3786 illustrem
552 3717 675 3786 attinet
700 3718 855 3808 reginum
884 3720 954 3790 voti
980 3741 1122 3813 compos
1147 3719 1252 3792 debi-

167 3848 289 3928 torque
308 3842 465 3911 omnium
485 3862 574 3913 sum.
596 3841 708 3925 Quam
730 3863 813 3911 vere
834 3845 927 3913 onim
948 3847 1077 3924 nescio,
1107 3844 1171 3914 sed
1198 3845 1252 3917 sic

166 3958 249 4028 inibi
272 3965 446 4054 persuasi,
470 3964 554 4035 nihii
574 3985 612 4035 se
632 3984 759 4055 meque
779 3962 925 4055 dignum
947 3976 1071 4059 sponte
1097 3987 1159 4037 sua
1187 3988 1252 4057 ge-

168 4104 330 4154 nerosum
369 4085 464 4160 ilium
506 4109 741 4181 serenumque
779 4109 819 4159 ac
859 4087 1052 4161 musicum
1091 4091 1248 4162 animum
