2670 4688
120 312 179 372 ltlt
391 296 394 301 ’
460 320 501 369 na
523 320 623 369 nunus
645 315 866 365 rsutnrtmnus

121 466 169 549 lit,
199 463 315 534 veniet
347 464 408 555 qui
442 466 552 535 volet:
580 461 756 554 quomodo
776 469 907 542 autem,
935 460 1019 529 nihil
1041 460 1086 530 ad
1112 481 1205 542 rem,

121 585 226 657 modo
247 594 286 656 ut
304 585 402 671 velit,
431 607 494 658 seu
522 597 582 657 tua
606 585 720 656 virtus
746 605 915 668 amorem,
939 604 1002 653 seu
1027 593 1210 674 stuporem

122 708 246 799 gloria,
267 729 329 779 seu
353 708 510 780 timorem
529 707 682 802 paritura
700 705 856 777 felicitas.
872 705 980 775 Nemo
997 703 1056 796 qui
1074 705 1210 775 iustum

121 850 165 901 ac
184 832 359 904 famosum
380 844 415 904 et
435 832 568 903 felicem
596 829 786 924 principem
813 851 882 900 non
908 831 963 899 vel
990 838 1082 898 amet
1103 828 1212 898 mire-

123 964 262 1044 turque‚
290 958 349 1026 vel
374 964 515 1025 metuat.
545 953 669 1045 Incipe.
696 954 807 1023 Vetus
828 964 882 1023 est
902 950 1066 1022 verbum:
1088 950 1212 1020 multis

123 1073 309 1148 itineribus
329 1080 473 1149 Romam
488 1075 569 1167 peti.
588 1075 625 1143 Si
644 1087 772 1167 torpes
785 1076 902 1144 nullus
916 1096 984 1146 non
1003 1072 1087 1144 satis
1100 1080 1209 1142 tenax

122 1199 272 1289 laqueus
289 1209 356 1269 est:
374 1199 403 1268 si
420 1206 454 1267 te
468 1218 630 1279 moveas,
649 1216 752 1266 vanae
769 1197 898 1266 circum
925 1194 1119 1267 exciderint
1134 1205 1211 1266 ten·

123 1318 266 1403 diculae,
290 1331 397 1410 tuque
414 1340 483 1388 non
507 1330 640 1389 tantum
663 1318 764 1400 liber,
781 1318 854 1401 sed,
872 1331 909 1389 ut
923 1341 985 1411 par
998 1328 1063 1402 est,
1086 1318 1211 1390 mundi

123 1443 288 1516 dominus
320 1451 426 1534 atque
458 1441 637 1512 hominum
663 1450 779 1512 rector
803 1443 976 1533 cruperis,
1009 1465 1123 1535 neque
1145 1444 1210 1514 soli

125 1564 187 1636 tibi
207 1564 271 1637 sod
288 1563 441 1634 humano
458 1562 577 1654 generi
597 1562 784 1655 quaesieris
803 1562 1006 1635 libertatem.
1026 1565 1213 1655 AEgrotan-

124 1697 196 1758 tem
217 1708 340 1781 aprum
357 1685 433 1778 ipse
445 1683 589 1756 morbus
610 1687 740 1778 alligat,
764 1686 917 1759 validum
935 1690 1211 1778 frementemque

124 1806 290 1879 cohibere
314 1826 464 1899 magnus
484 1818 540 1877 est
566 1806 673 1878 labor.
700 1809 838 1881 Excute
863 1821 1056 1905 torporem,
1083 1830 1213 1879 cernes

125 1930 219 2004 illico
242 1938 366 2005 cuncte
392 1929 516 2001 facilia:
543 1931 696 2024 alioquin
724 1942 842 2025 torpor
868 1934 942 2025 ipse
972 1955 1035 2025 pro
1060 1932 1213 2003 vinculis

120 2054 202 2126 erit.
228 2054 337 2125 Nemo
362 2054 496 2124 leonem
524 2075 732 2126 aranearum
755 2056 845 2139 telis,
868 2077 970 2125 nemo
990 2057 1086 2125 visco
1112 2054 1216 2146 aqui·

125 2181 193 2247 lam
221 2188 358 2269 captum
385 2175 482 2246 vidit.
518 2176 610 2260 Quid
643 2185 712 2247 tuae
745 2199 837 2248 nuno
863 2178 989 2267 aquilae
1015 2186 1215 2259 morantur,

122 2298 209 2391 quid
230 2298 280 2371 tui
300 2301 488 2371 mussitant
507 2301 653 2371 leones?
671 2300 785 2370 Facile
803 2299 837 2367 in
857 2298 1038 2369 servitium
1061 2295 1219 2368 trabitur

124 2422 186 2515 qui
205 2418 363 2493 libertate
384 2443 423 2493 se
443 2422 624 2515 indignum
652 2423 814 2495 aestimat.
840 2421 970 2515 Atqui
997 2441 1036 2491 se
1061 2417 1214 2491 liberum

126 2541 236 2626 novit,
259 2563 329 2613 non
354 2552 436 2615 ante
463 2545 620 2619 libertate
646 2545 840 2639 privabitur
865 2567 970 2639 quam
995 2542 1082 2627 uita,
1104 2540 1216 2613 immo

127 2688 173 2740 ne
194 2676 268 2739 tum
286 2667 444 2760 quidem:
467 2671 539 2742 rita
564 2671 656 2743 enim
685 2669 825 2766 spoliari
851 2679 987 2738 naturae
1012 2674 1081 2747 est,
1110 2662 1215 2733 liber-

126 2798 198 2861 tate
224 2788 406 2861 sonordiae.
435 2791 534 2862 Nunc
558 2812 645 2862 vero
670 2811 833 2883 quaenam
860 2788 926 2858 ista
954 2785 1118 2877 superbia
1140 2797 1213 2869 est,

126 2911 318 3006 principem
338 2910 531 2982 Romanum
554 2910 704 3002 publicae
724 2908 895 2979 libertatis
913 2918 1088 2978 auctorem
1109 2906 1216 2977 liber-

129 3045 200 3108 tate
218 3032 375 3129 privare,
397 3042 437 3104 ut
457 3032 560 3103 cuius
581 3052 662 3103 esse
683 3029 812 3102 debent
829 3031 959 3115 omnia,
982 3031 1057 3124 ipse
1078 3051 1148 3100 non
1170 3030 1218 3100 sit

131 3157 243 3227 suus‘l
259 3154 442 3238 Quomodo
461 3154 552 3226 enim
576 3153 664 3224 liber
685 3153 810 3244 suique
829 3152 989 3223 dominus
1010 3162 1077 3236 est,
1096 3152 1153 3223 oui
1169 3153 1217 3223 sit

129 3277 359 3351 interdictum·
373 3278 425 3348 ire
441 3298 511 3370 quo
537 3274 658 3361 libeat,
685 3274 802 3346 minus
827 3274 919 3359 dico,
948 3276 1053 3345 immo
1073 3273 1218 3366 quidem

131 3403 188 3474 oui
206 3421 281 3474 suae
296 3400 422 3473 domus
438 3399 542 3469 limen
560 3397 761 3469 obstrusum
781 3400 840 3483 sit,
860 3412 964 3492 atque
978 3400 1064 3492 ipse,
1080 3409 1117 3469 ut
1130 3419 1220 3488 pro-

133 3525 209 3617 prie
225 3524 354 3608 dicam,
372 3542 477 3616 quam
494 3521 697 3613 longissime
718 3525 918 3615 relegatus?
935 3521 1117 3612 intelligis,
1137 3521 1220 3591 (2ae-

134 3668 207 3730 sar,
224 3668 292 3719 non
314 3665 395 3738 quae
412 3642 488 3715 dixi
505 3652 655 3726 tantum,
675 3645 739 3716 sed
757 3666 836 3737 quae
854 3645 970 3717 dicere
984 3644 1090 3715 volui:
1106 3645 1221 3715 multu

133 3768 434 3850 enimoocursant,
453 3764 522 3835 nisi
539 3785 665 3836 verear
683 3786 728 3834 ne
746 3787 964 3860 supervacua
977 3764 1037 3835 tibi
1056 3765 1114 3847 sit,
1131 3764 1219 3834 mihi

133 3886 236 3956 etiam
258 3891 454 3980 periculosa
472 3887 635 3960 narratio.
661 3888 721 3957 Sat
746 3887 816 3958 odii
842 3888 1043 3978 iampridem
1070 3908 1133 3979 pro
1152 3908 1221 3958 ve-

134 4007 236 4077 ritate
260 4011 442 4081 contraxi:
469 4009 583 4082 studio
607 4009 765 4079 inimicos
785 4027 945 4101 quaerore
970 4030 1037 4080 non
1065 4009 1219 4100 simplex

134 4130 286 4200 amentia
312 4143 377 4202 est.
405 4133 525 4227 ltaque
544 4132 631 4206 eatis
656 4129 760 4203 bodie
784 4128 950 4201 dixerim:
975 4154 1080 4223 qrram
1099 4131 1220 4202 effica-
