2670 4688
221 286 312 336 tluslt
333 286 497 336 ltcusllttts
519 287 905 340 succubus-elusum
930 291 960 339 V.
1080 278 1139 341 133

64 426 211 518 aliquem
244 427 388 501 sedendi
415 431 586 521 simulque
620 429 724 499 alium
751 413 951 503 ambulandi
987 434 1142 502 sessum?

63 549 130 621 Fac
153 550 264 622 officia
288 562 507 644 permutent:
535 561 681 641 uterque
708 549 893 622 laetabitur.
920 553 1013 624 Idem
1041 552 1141 624 vobis

63 672 207 743 eveniet.
229 672 278 741 llli
298 671 391 743 enirn
414 681 495 742 sunt
514 670 643 741 laboris
663 671 768 756 avidi,
789 682 824 743 tu
841 673 983 763 quietis,
1005 697 1143 767 unoque

62 805 138 865 actu
160 795 292 886 geritur
309 815 367 865 res
386 793 546 865 duorum.
566 791 667 875 Quod
686 793 715 862 si
731 791 908 865 Pontificis
930 794 1048 867 iussus
1065 818 1142 889 pre-

62 917 125 987 mit
146 915 214 1009 (est
233 917 325 986 enim
347 915 572 1008 imperiosum
592 912 811 987 dominorum
834 936 947 1006 genus
966 917 1002 986 in
1023 915 1145 987 iuben-

62 1036 120 1119 do,
149 1059 188 1107 se
214 1039 307 1108 solos
334 1056 488 1129 suasque
513 1038 776 1110 commoditates
805 1036 1043 1130 cogitantium)
1073 1040 1146 1108 elo-

60 1159 182 1249 quium
206 1167 301 1229 tuum
320 1158 567 1252 ingeniumque
585 1170 618 1230 te
639 1158 793 1231 adiuvet.
812 1159 955 1230 Excusa
975 1159 1146 1228 valetudi-

62 1301 142 1350 nem
164 1290 268 1371 atque
286 1289 435 1351 aetatem.
455 1281 530 1351 Non
549 1281 658 1353 doceo
677 1291 710 1353 te
727 1281 882 1352 mentiri:
902 1280 964 1352 sed
981 1279 1143 1352 evadere.

61 1398 169 1490 Finge
191 1410 223 1469 te
250 1403 353 1491 paulo
374 1400 558 1473 seniorem.
585 1403 671 1472 Cum
693 1401 728 1472 in
751 1401 868 1472 multis
890 1413 963 1473 tum
985 1402 1019 1472 in
1041 1410 1144 1471 aetate

61 1520 106 1591 ad
128 1530 310 1614 utramque
330 1533 464 1615 partem
483 1527 592 1595 multa
609 1520 810 1614 linguntur:
830 1534 939 1595 testes
959 1523 1052 1593 enim
1069 1524 1145 1593 veri

62 1642 191 1715 absunt
210 1644 416 1717 obstetrices
442 1667 483 1718 ac
508 1646 675 1729 nutrices,
699 1647 834 1738 ipsique
860 1658 1024 1737 parentes
1051 1645 1146 1717 obie-

63 1774 154 1834 runt.
180 1766 317 1839 Frontis
345 1789 525 1860 comaeque
552 1766 787 1838 testimonium
813 1768 940 1838 mullos
970 1768 1075 1848 lallit;
1100 1765 1146 1836 de

62 1906 102 1956 se
132 1889 286 1978 loquenti
311 1888 478 1973 creditur,
505 1887 681 1983 praecipue
709 1888 738 1957 si
769 1890 847 1979 plus
873 1887 976 1959 dicat.
1003 1888 1147 1958 Delicati

62 2009 216 2102 corporis
237 2002 505 2081 imbecillitatem
528 2009 705 2081 laboribus
731 2010 912 2103 imparem,
936 2019 972 2079 et
991 2008 1147 2079 delectus

66 2129 201 2204 abditos
224 2131 327 2224 finge.
354 2133 439 2203 Nam
462 2133 706 2226 occupationes
733 2130 839 2204 officii
860 2134 908 2205 tui
930 2154 1028 2204 verae
1049 2144 1147 2217 sunt,

62 2275 127 2324 nec
162 2251 317 2345 fingendi
357 2265 462 2346 egent
500 2253 656 2326 artificio.
692 2254 803 2327 Nemo
847 2256 1039 2349 praesulum
1078 2264 1148 2325 tam

65 2386 227 2447 moestam
255 2385 291 2447 et
311 2384 380 2446 tarn
409 2377 550 2446 viduam
572 2377 690 2446 sedern
719 2398 817 2446 suam
838 2376 962 2468 linquit
982 2398 1085 2466 quam
1113 2386 1151 2446 tu

64 2508 172 2567 luam.
195 2496 251 2563 Sic
272 2506 306 2564 te
326 2492 453 2561 ovibus
475 2494 543 2562 tuis
565 2493 782 2584 approbasti,
806 2506 843 2562 ut
864 2496 940 2563 sine
967 2504 1000 2564 te
1020 2516 1149 2585 pascua

65 2619 145 2684 laeta
166 2633 234 2682 non
256 2610 444 2683 ruminent:
466 2612 500 2682 in
526 2614 636 2683 oculis
659 2612 726 2682 tuis
747 2623 781 2681 et
801 2613 836 2680 in
858 2615 978 2703 lingua
1000 2635 1068 2705 pax
1094 2636 1150 2684 ee

66 2734 184 2806 clesiae
209 2743 280 2807 tuae
312 2744 388 2806 est:
416 2735 564 2827 pusillus
598 2733 662 2806 sed
695 2733 844 2805 devotus
874 2744 910 2806 et
934 2734 1028 2807 mitis
1063 2757 1152 2826 grex

64 2858 214 2948 pastoris
234 2857 279 2928 ab
303 2879 364 2929 ore
385 2855 540 2951 pendens
567 2877 689 2928 vocem
715 2855 860 2927 alterius
885 2878 955 2928 non
980 2857 1148 2950 agnoscit.

65 2980 186 3073 ltaque
210 3001 278 3052 non
306 2989 375 3051 tam
403 2980 502 3051 alteri
534 2979 688 3051 creditur
714 3000 817 3072 quam
850 2980 1018 3074 proditur.
1045 2982 1150 3074 Atqui

64 3101 194 3173 nonde
212 3103 304 3174 illius
321 3102 380 3196 qui
403 3112 437 3173 te
453 3103 624 3184 distrahit,
645 3101 708 3174 sed
728 3101 773 3174 de
794 3101 862 3173 tuis
880 3104 1042 3175 manibus
1063 3103 1151 3173 ratio

64 3222 241 3314 exigenda
252 3233 316 3294 est.
329 3224 404 3295 Non
420 3225 475 3296 ille
494 3225 609 3318 populi
628 3223 731 3295 unius
749 3223 893 3309 debitor,
910 3224 974 3296 sed
988 3222 1148 3316 plurium,

66 3345 130 3417 sed
157 3345 337 3415 maiorum.
364 3346 415 3415 'lu
435 3345 481 3417 de
507 3356 566 3417 tuo
587 3367 695 3437 grege
721 3346 936 3438 respondeas
957 3352 1093 3438 oportet
1115 3353 1151 3414 et

66 3489 135 3540 non
156 3468 255 3538 alius.
274 3467 392 3538 Potest
408 3467 476 3552 ille,
499 3468 616 3552 fateor,
640 3474 674 3536 16
695 3489 822 3558 cogere
835 3476 873 3538 ut
886 3468 946 3560 qui
961 3465 1015 3536 sui
1029 3463 1149 3555 gregis

66 3612 106 3662 es
126 3592 249 3684 portio.
276 3587 346 3661 Sed
367 3589 451 3659 mibi
476 3589 593 3672 crede,
617 3588 645 3659 si
666 3584 848 3658 bonafide
872 3589 1038 3668 volueris,
1061 3609 1151 3656 nun-

65 3733 168 3803 quam
188 3721 313 3804 coget:
333 3711 561 3782 ratiunculam
580 3711 671 3782 enim
692 3721 785 3780 tuam
808 3711 882 3778 suis
902 3709 1027 3778 inferre
1046 3709 1150 3779 ratio-

66 3832 169 3905 nibus
190 3843 225 3906 et
245 3855 309 3929 pro
329 3845 362 3904 te
383 3831 521 3905 debitor
543 3831 615 3903 lieri
639 3835 741 3902 nolet.
762 3832 872 3900 Tuum
894 3828 940 3896 illi
962 3829 1150 3922 gregisque

65 3957 256 4049 periculum
275 3976 413 4050 expone
433 3954 569 4039 acriter,
589 3951 773 4044 explicite3
792 3951 875 4021 nihil
893 3951 1061 4035 omiseris,
1081 3952 1149 4022 imo

66 4078 96 4149 si
117 4099 201 4150 vera
217 4078 422 4159 destituunt,
445 4076 607 4147 simulata
625 4074 822 4164 iungantur.
842 4072 916 4142 Non
937 4083 992 4144 est
1008 4073 1149 4143 menda-
