2670 4688
143 273 201 335 llll
476 285 518 333 ns
539 282 639 333 nenos
662 281 883 331 rlumrlnrnos

144 419 261 492 medio
280 420 345 492 iter
364 418 585 491 festinantius
606 424 787 508 agentem,
811 418 879 487 iam
902 417 1070 486 saeviente
1085 413 1221 500 bruma,

143 561 214 612 non
235 537 417 611 affectibus
439 539 539 622 solis,
561 538 622 629 qui
648 537 750 629 quasi
778 536 921 629 quidam
952 536 1058 606 animi
1091 558 1223 630 passus

146 674 243 748 sunt,
257 663 321 735 sed
334 682 501 754 corporeo
517 660 622 732 etiam
642 667 738 731 motu
756 661 861 745 celer,
874 659 964 729 miro
981 657 1136 729 nondum
1155 662 1224 732 visi

146 785 296 857 bominis
314 784 498 868 desiderio,
514 782 734 879 praevenisti,
756 783 943 877 praemisso
964 780 1059 853 haud
1080 781 1223 873 ignobili

145 909 309 979 carmine.
331 905 445 1000 Atque
471 907 518 977 ita
542 907 641 1002 prius
668 906 798 998 ingenii
822 914 858 976 et
884 923 967 973 mox
991 905 1147 996 corporis
1173 906 1226 976 tui

146 1030 281 1101 vultum
302 1027 517 1122 mihiquem
543 1048 660 1098 amare
687 1028 897 1098 decreveras
918 1025 1111 1097 ostendisti.
1138 1026 1225 1096 Sera

147 1160 263 1223 tamen
283 1151 352 1222 diei
372 1151 465 1222 illius
484 1159 520 1221 et
546 1145 712 1240 ambigua
738 1149 807 1219 iam
834 1152 896 1218 lux
926 1159 1017 1234 erat,
1053 1148 1136 1220 dum
1167 1169 1225 1219 me

146 1273 251 1363 longo
279 1270 488 1365 postliminio
516 1271 736 1354 redeuntem,
762 1282 797 1342 et
821 1269 913 1342 intra
938 1290 1058 1342 muros
1084 1270 1225 1342 tandem

147 1393 279 1486 patrios
299 1390 573 1486 deprehensum,
596 1391 750 1463 officiosa
770 1401 806 1463 et
826 1413 932 1487 supra
951 1392 1111 1464 meritum
1125 1413 1228 1463 reve-

119 1565 121 1568 <
148 1514 239 1585 renti
262 1515 471 1587 salutatione
488 1516 712 1608 complexus,
734 1516 913 1587 renovasti
934 1515 1029 1587 illum
1053 1517 1228 1609 poeticum

148 1655 226 1705 cum
244 1634 397 1708 Anchise
417 1656 646 1727 congressum
668 1635 773 1727 Regis
793 1634 945 1709 Arcadii:

311 1873 531 1888 ........
553 1826 603 1887 cui
621 1841 708 1888 mens
725 1825 852 1889 iuvenili
869 1827 990 1891 ardebat
1006 1841 1112 1890 amore

308 1921 496 2004 Compellare
513 1922 618 1985 virum
633 1930 663 1986 et
678 1922 794 1987 dextra
809 1926 994 2006 coniungere
1010 1926 1158 1990 dextram.

149 2124 321 2209 Quamvis
339 2122 432 2195 enim
452 2143 519 2215 ego
544 2145 613 2195 non
634 2134 672 2196 ut
690 2126 746 2198 ille
766 2132 892 2200 cunctis
913 2132 1012 2202 altior
1032 2131 1129 2219 irem,
1163 2133 1228 2206 sed

150 2242 328 2327 humilior,
350 2241 412 2314 tibi
438 2253 554 2318 tamen
580 2268 649 2318 non
673 2249 791 2321 minus
825 2251 953 2324 ardens
983 2253 1122 2326 animus
1152 2253 1224 2326 luit.

150 2364 226 2435 Non
248 2375 287 2435 tu
307 2386 362 2438 me
382 2366 503 2439 Phinei
525 2368 592 2441 sub
612 2372 750 2458 moenia,
773 2374 837 2446 sed
856 2377 1018 2448 amicitias
1034 2388 1104 2448 tuae
1118 2372 1221 2448 sacris

151 2486 387 2579 penetralibus
404 2488 583 2564 induxisti.
602 2492 673 2565 Nec
689 2516 756 2586 ego
777 2494 838 2568 tibi
858 2501 1021 2593 insignem
1037 2499 1231 2590 pharetram

151 2605 335 2704 Lyciasque
353 2613 503 2705 capillos,
517 2616 582 2687 sed
601 2628 805 2711 perpetuam
826 2632 862 2692 et
883 2623 1056 2693 sinceram
1076 2617 1232 2687 benevo-

151 2728 294 2803 lentiam
312 2758 426 2808 meam
447 2736 537 2809 dedi.
560 2739 677 2809 Multis
697 2739 803 2813 rebus
824 2741 968 2810 inferior
984 2740 1049 2808 bac
1070 2755 1140 2802 nna
1166 2753 1232 2797 nec

152 2848 237 2920 Niso
258 2875 421 2946 unquam,
442 2879 509 2930 nec
527 2858 664 2954 Pythiae
685 2865 806 2936 volens
827 2858 1004 2940 cesserim,
1027 2873 1091 2924 nec
1112 2847 1229 2919 Laelio.

152 2969 249 3042 Vale.
