2670 4688
353 286 447 337 LIBER
467 285 640 338 wensinus.
653 306 688 320 -
700 287 853 339 memnona
875 290 936 340 lllll.
1143 279 1183 340 49

112 425 221 500 moria
249 423 428 496 hominum
455 423 545 494 inter
569 419 675 516 Alpes
700 432 736 495 et
759 423 979 518 Apeninnum
1008 436 1102 499 tanta
1127 427 1184 501 vis

111 548 244 621 nivium
269 545 435 620 incubuit.
460 544 586 637 Magna
610 547 742 616 nostris
765 546 801 617 iu
821 545 968 619 urbibus
984 550 1184 637 domorum,

111 693 239 764 magna
263 671 297 741 in
323 669 417 761 agris
442 666 607 738 arborum
641 676 794 759 strages,
823 688 968 760 magnae
1000 670 1184 765 utrobique

111 793 307 867 mortalium
326 792 493 885 querelae,
515 810 604 881 quas
622 811 801 882 nunquam
823 800 939 861 tanmn
957 803 1017 863 aut
1035 814 1099 864 ver
1118 793 1182 868 flo-

111 939 209 990 reum
226 926 288 989 aut
303 915 468 1005 frugifera
483 923 590 984 aestas
602 922 662 984 aut
674 912 799 984 vinifer
815 922 1004 985 autumnus
1022 913 1184 989 omnibns

111 1052 245 1113 naturae
264 1037 398 1110 deliciis
414 1045 518 1130 atque
538 1035 696 1107 ubertate
717 1035 905 1108 sedaverit.
928 1036 1103 1109 Coeterum
1123 1061 1187 1110 an-

110 1186 178 1238 nns
204 1165 261 1236 hic
286 1185 413 1235 annum
440 1171 533 1233 retro
556 1170 733 1253 quartum,
760 1157 827 1231 hoo
850 1170 907 1230 est
931 1167 1044 1231 sextae
1069 1161 1185 1233 aetatis

112 1285 286 1357 millesimi
315 1283 546 1362 trecentesimi
571 1280 851 1376 quinquagesimi
875 1280 991 1373 quarti
1018 1281 1122 1354 finem
1150 1293 1187 1355 et

111 1409 288 1503 sequentis
307 1407 457 1493 initium,
478 1402 606 1500 quibus
626 1404 711 1475 nihil
727 1403 899 1496 algentius
913 1403 989 1476 fieri
1007 1426 1128 1498 posse,
1150 1416 1188 1478 ct

111 1545 150 1606 ut
181 1533 232 1604 sic
263 1530 375 1602 dicam
407 1528 493 1600 nibil
522 1527 706 1601 hiemalius
731 1525 935 1613 videbatur,
962 1527 1103 1622 quando
1129 1528 1187 1600 hic

110 1656 145 1727 in
164 1653 338 1727 Ambrosii
357 1650 500 1725 basilica
520 1651 637 1722 Caesar
656 1661 777 1722 noster
796 1650 942 1744 adeptus
962 1652 1109 1724 ferream
1127 1672 1186 1724 co

109 1799 231 1851 ronam
251 1777 297 1849 ad
314 1778 433 1848 Romae
456 1771 719 1869 percipiendum
744 1795 891 1847 aureum
916 1773 1079 1847 diadema
1104 1796 1186 1868 pro·

109 1901 219 1972 lectus
239 1911 307 1984 est,
327 1899 427 1970 cuius
451 1898 498 1970 ad
521 1897 644 1970 urbem
671 1898 736 1969 iter
760 1919 805 1969 au
830 1917 973 1968 cursum
1001 1896 1114 1968 dicam
1148 1908 1185 1970 tn

109 2021 170 2114 qni
189 2023 224 2094 in
244 2020 362 2094 Galliis
379 2043 519 2115 qnoque
535 2031 618 2093 tunc
634 2041 714 2093 eras
730 2019 1005 2093 miraoeleritate
1022 2041 1187 2114 prosecu-

110 2156 177 2232 tus,
200 2146 465 2246 familiaritatem
485 2145 562 2217 eius
581 2143 811 2217 arctissimam
829 2142 987 2215 moribus
999 2142 1187 2236 elingeuio

109 2271 286 2352 meruisli;
308 2291 438 2341 annum
458 2269 602 2363 inquam
619 2268 716 2339 illum
731 2263 786 2337 bic
799 2283 958 2360 praesens
971 2267 1052 2358 gelu
1065 2287 1186 2361 aequa·

109 2391 174 2474 vit,
198 2389 340 2459 nivibus
364 2388 459 2458 vicit.
486 2389 556 2461 Sed
587 2389 673 2482 quid
704 2392 793 2480 ago?
823 2389 914 2460 Num
947 2410 1184 2483 supervacuas

109 2508 215 2577 horas
235 2510 403 2598 aucupari
418 2507 542 2578 videor
558 2510 620 2599 qui
642 2508 853 2579 necessariae
879 2511 1056 2604 scriptioni
1081 2510 1186 2582 modo

111 2610 279 2718 imparem*
296 2649 353 2699 me
377 2627 558 2699 dicebam?
582 2630 653 2699 Has
677 2627 862 2699 delectatio
884 2631 981 2703 vires
1005 2630 1121 2714 babet,
1148 2641 1187 2704 ut

109 2751 221 2843 frigus
239 2759 435 2845 aestumque
451 2773 520 2824 non
534 2750 680 2836 sentiat,
699 2761 735 2823 et
746 2750 899 2824 laborem
913 2763 1019 2836 amet,
1032 2763 1069 2826 et
1083 2750 1187 2826 iassi-

109 2873 264 2947 tudinem
281 2882 499 2970 aspernetur,
521 2874 672 2966 denique
692 2876 741 2946 nil
756 2884 896 2948 recuset
911 2872 1005 2968 quod
1017 2873 1077 2948 diu
1090 2875 1184 2948 illam

105 3008 270 3091 exoptata
290 2999 325 3069 in
344 2997 544 3092 operatione
563 2997 728 3070 detineat.
755 2997 847 3071 Ecce
860 2998 951 3072 dum
969 3006 1003 3072 te
1026 3001 1185 3093 alloquor

108 3131 144 3191 et
159 3122 368 3212 fatigationis
388 3133 424 3194 et
436 3120 571 3194 hrumae
582 3132 618 3194 et
631 3121 734 3216 coepti
747 3123 928 3196 immemor
944 3125 1057 3195 factus
1074 3144 1182 3194 eram.

109 3241 178 3315 Sed
194 3254 233 3316 ut
251 3242 391 3315 domum
413 3266 580 3318 reversus
602 3245 647 3317 ad
667 3267 742 3317 rem
759 3245 920 3332 redeam,
942 3244 1037 3316 fideli
1062 3243 1184 3316 nuntio

108 3376 237 3460 praeter
257 3386 352 3459 spem
373 3378 522 3462 reperto,
545 3367 614 3439 etsi
633 3366 737 3439 valde
758 3377 936 3460 properet,
958 3369 1054 3438 nullo
1078 3365 1185 3437 modo

107 3488 177 3580 pati
198 3487 295 3578 potui
310 3508 392 3558 eum
408 3488 485 3560 sine
504 3490 593 3561 meis
612 3487 658 3560 ad
679 3499 712 3560 tc
733 3491 856 3562 litteris
883 3488 991 3561 abire.
1019 3488 1063 3557 Et
1088 3487 1184 3560 festi-

30 3708 32 3713 Ι
108 3609 282 3682 nationem
303 3609 381 3681 eius
400 3619 437 3680 et
456 3611 716 3706 occupationem
738 3634 850 3685 meam
871 3622 908 3682 et
928 3611 1055 3682 hiemis
1081 3631 1183 3702 aspe-

21 3770 25 3777 ·
107 3731 243 3804 ritatem
257 3733 340 3803 vicit
352 3753 450 3804 amor
463 3733 523 3804 tui.
536 3733 606 3803 lam
626 3733 660 3803 in
678 3735 798 3827 primis
817 3743 923 3806 totam
942 3734 1050 3804 frater
1065 3754 1112 3804 ex
1126 3752 1183 3804 or·

106 3853 187 3926 diue
202 3865 270 3926 tuae
287 3855 496 3948 suspicionis
516 3855 695 3928 historiam
713 3857 882 3941 intellexi,
904 3878 1018 3951 neque
1034 3855 1181 3929 miratus

106 3995 198 4060 snm,
213 3987 253 4048 ut
265 3990 383 4071 putas,
404 3977 561 4072 potuisse
578 3977 640 4049 tibi
653 3988 722 4051 mm
737 3981 855 4051 multis
869 3978 1017 4072 ingeniis
1035 3999 1182 4074 persua-

106 4095 191 4169 deri.
217 4100 270 4171 Nil
295 4102 551 4204 detrahentium
578 4101 667 4175 dolis
693 4102 914 4196 impervium,
942 4104 989 4174 nil
1015 4123 1086 4193 quo
1111 4121 1180 4169 non

230 4231 265 4272 tlt.
1007 4222 1022 4268 d
