2834 5086
571 346 724 395 uersuum
746 346 850 395 attur.
1184 335 1241 395 ltl

165 492 254 563 alius
287 489 443 581 ingenio,
477 507 581 581 qnam
608 488 708 561 cuius
731 487 985 585 simulationem
1009 488 1180 575 induerat,
1210 503 1249 564 ut

165 611 233 683 sub
253 611 318 684 hoc
341 609 483 682 obtentu
511 606 677 680 liberator
709 607 767 679 ille
798 608 917 702 Populi
951 610 1098 680 Romani
1131 611 1247 683 animo

166 736 278 805 latens
313 733 507 825 aperiretur
540 741 697 823 tempore
724 751 799 801 suo.
827 730 871 802 llt
896 729 988 803 illius
1020 729 1159 823 quidem
1184 755 1248 805 ve·

166 857 250 929 teris
283 856 405 926 Livius
437 854 600 948 princeps
633 850 806 934 historiae,
841 852 946 923 huius
985 863 1103 924 autem
1135 858 1246 926 vestri

165 978 380 1071 experientia
409 975 506 1047 testis
525 984 591 1046 ost.
622 972 683 1044 llle
709 971 869 1064 regibus,
897 971 953 1044 bic
982 974 1138 1069 tyrannis
1164 996 1247 1047 con·

167 1109 320 1191 temptas
354 1096 521 1191 primum,
551 1107 672 1191 postea
704 1094 955 1179 formidabilis;
991 1097 1086 1167 illum
1118 1098 1243 1190 legitis,

166 1222 259 1292 buno
291 1219 431 1292 vidistis
456 1218 658 1313 despectum
681 1215 726 1288 ab
747 1216 960 1302 homiuibus,
988 1218 1116 1311 quibus
1143 1240 1246 1312 aequo

166 1343 242 1413 iure
276 1343 396 1414 vivere
429 1362 508 1412 oum
541 1337 679 1411 civibus
716 1344 882 1411 extrema'
908 1340 1088 1424 servitus,
1118 1340 1246 1434 quibus

166 1463 248 1534 nihil
283 1463 350 1535 nisi
383 1463 550 1535 iniustum
577 1469 684 1552 atque
705 1461 860 1532 insoleus
882 1458 1121 1534 videturesse
1143 1482 1245 1554 posse

165 1582 409 1677 magnificum:
435 1584 482 1655 illi
508 1582 738 1654 humilitatem
760 1583 828 1653 viri
849 1583 953 1655 huius
978 1582 1246 1655 contemnebant

164 1717 269 1800 atque
301 1706 491 1790 calcabant
515 1702 581 1776 sub
611 1725 680 1797 qua
705 1718 820 1776 tamen
847 1682 997 1797 magnus
1023 1706 1161 1776 animus
1193 1705 1245 1776 in·

164 1830 264 1900 terim
284 1802 479 1919 teg'ebatur.
498 1826 611 1897 Testis
632 1848 699 1918 ego
721 1825 786 1896 sibi
809 1848 888 1899 sum
911 1849 1046 1920 semper
1062 1850 1159 1911 euru,
1180 1827 1244 1899 boc

164 1948 257 2043 quod
291 1948 431 2021 tandem
453 1948 595 2042 peperit,
631 1948 698 2019 sub
734 1950 937 2043 praecordiis
965 1946 1153 2020 babuisse:
1181 1950 1243 2020 sed

164 2081 302 2166 tempus
336 2070 498 2142 idoneum
532 2069 757 2161 expectabat,
783 2069 878 2164 quod
910 2070 967 2143 ubi
989 2073 1107 2156 adluit,
1135 2073 1244 2143 nibilo

166 2193 310 2287 segnius
330 2193 442 2286 primo
463 2192 619 2285 arripuit.
643 2191 817 2264 Eductam
843 2195 947 2265 corde
968 2192 1146 2266 lucretiae
1171 2199 1243 2266 cul-

163 2329 253 2388 trum
290 2328 413 2387 tenens
444 2314 553 2385 nihilo
587 2314 706 2385 utilius
735 2314 792 2386 ille
820 2314 1024 2388 concinnus
1059 2328 1141 2390 tunc
1169 2318 1243 2388 suis

164 2436 359 2507 libertatem
374 2434 639 2527 reddiditquam
660 2435 726 2504 iste
744 2460 836 2508 nnuc
853 2438 1058 2510 vobistoc
1076 2439 1239 2523 interfuit,

165 2556 259 2648 quod
280 2556 415 2626 illorum
438 2554 602 2647 patientia
629 2554 731 2626 unius
759 2557 962 2647 indignitate
998 2559 1151 2641 sceleris,
1180 2582 1243 2629 ve-

164 2687 236 2750 stra
279 2675 590 2748 innumerabilibus
630 2676 770 2767 flagitiis
806 2687 911 2770 atquo
955 2678 1242 2750 intollerabilibus

165 2800 301 2873 iniuriis
322 2797 414 2871 uicta
434 2809 499 2870 est.
520 2800 588 2870 Pro
611 2796 740 2891 quibus
767 2798 973 2889 sanguinem
1006 2810 1165 2872 vestrum
1192 2813 1241 2873 to·
1346 2807 1350 2815 '

163 2924 251 2997 tiens
285 2923 440 3008 fudistis,
466 2942 556 3016 quos
583 2921 713 2992 vestris
732 2912 948 3015 patrimoniis
970 2922 1123 3009 aluistis,
1150 2946 1239 3017 quos

163 3044 298 3139 publica
325 3046 439 3140 inopia
471 3044 516 3117 ad
550 3044 705 3137 privatas
730 3043 847 3137 copias
866 3044 1060 3131 extulistis,
1083 3047 1106 3117 ii
1127 3068 1241 3138 neque

163 3187 227 3238 vos
243 3166 402 3239 libertate
419 3167 545 3259 dignos
561 3166 771 3250 iudicarunt,
792 3177 827 3236 et
843 3167 1013 3239 laceratas
1031 3167 1240 3260 Reipublicae

163 3288 341 3381 reliquias,
364 3289 509 3381 carptim
527 3288 562 3358 iu
584 3287 759 3382 speluncis
775 3296 810 3358 et
828 3286 976 3361 islandis
998 3290 1165 3361 latrocinii
1186 3292 1238 3362 sui

162 3409 397 3503 penetralibus
436 3424 710 3504 congesserunt,
745 3434 809 3484 neo
843 3412 953 3507 pudor
988 3412 1082 3508 apud
1116 3426 1239 3505 gentes

162 3532 329 3622 vulgandi
362 3534 538 3618 facinoris,
565 3547 626 3606 aut
651 3535 797 3607 infelicis
817 3538 942 3630 patriae
963 3535 1141 3608 miseratio
1166 3538 1238 3629 pie-

164 3662 287 3745 tesqua
301 3654 477 3739 continuit,
495 3678 565 3749 qno
579 3656 693 3728 minus
707 3667 787 3750 post
799 3657 904 3752 impie
919 3658 1063 3752 spoliata
1076 3660 1138 3731 Dei
1151 3671 1237 3732 tem-

163 3778 230 3869 pla,
262 3789 447 3870 occupatas
479 3798 593 3862 arcos,
620 3798 706 3873 opes
739 3779 910 3873 publicas,
939 3781 1101 3873 regiones
1127 3781 1234 3868 urbis,

163 3908 267 3990 atquc
289 3898 438 3970 honores
458 3899 723 3990 magistratuum
745 3902 834 3973 inter
851 3924 890 3973 sc
907 3903 1055 3986 divisos,
1077 3927 1145 3998 qua
1168 3930 1236 3978 uua

163 4016 196 4087 in
218 4042 255 4091 re
278 4021 524 4093 turbulentiae
545 4020 701 4093 seditiosi
723 4012 883 4095 homines
903 4035 940 4095 et
960 4026 1066 4098 totins
1092 4029 1234 4121 reliquae

165 4138 245 4212 vitae
277 4144 429 4216 consiliis
455 4166 495 4215 ac
521 4142 653 4216 ratione
674 4144 855 4219 discordes
883 4148 1060 4221 inhumani
1094 4148 1233 4222 loedoris
