2834 5086
355 314 447 361 nrnnu
471 313 996 363 rmnsntusrnnrrus.-nnrsronn
1019 318 1059 362 rx.
1186 304 1245 363 ‘lttt‘t

166 443 304 530 iubens,
324 453 439 516 tamen
453 445 626 515 interdum
641 445 780 536 singula
799 457 997 517 versantem
1013 459 1117 539 utque
1130 447 1243 519 omnia

165 567 348 641 librantem
381 568 416 637 in
450 569 566 638 animo
593 567 760 639 habuisse
786 577 824 639 nt
848 590 926 639 meo
952 569 1091 640 silentio
1123 579 1167 667 et,
1186 579 1244 640 tuu

165 689 338 762 oblivione
350 700 381 761 te
398 691 563 761 fallerem.
579 689 645 758 Oh!
659 688 743 781 qnid
756 687 854 760 dixi?
867 689 936 758 Olrt
953 711 1057 780 quem
1072 691 1246 761 fallerem?

165 792 282 882 Meum
307 821 413 903 atque
437 810 592 879 universi
613 808 810 881 dominum!
835 811 1023 882 lltsi'utilis
1044 811 1177 882 fallacie
1193 810 1246 881 vi-

165 930 313 1004 debatur
334 932 509 1024 ignoranti
529 933 585 1002 oui
607 933 686 1002 usui
700 932 762 1003 tibi
787 936 926 1004 tuturus
946 936 1028 1017 sim,
1050 931 1243 1014 etutdixi,

165 1053 393 1125 libentissime
406 1053 612 1145 quiescenti.
631 1053 761 1123 Verum
780 1054 826 1137 id,
849 1065 889 1124 ut
908 1055 1022 1135 video,
1035 1057 1164 1125 frustra
1177 1066 1245 1124 est:

166 1176 270 1244 nimis
289 1176 397 1258 enim,
420 1185 457 1246 ut
478 1176 568 1245 nenti
591 1175 718 1266 ingenii
739 1177 936 1268 maturique
956 1176 1105 1258 eonsilii,
1129 1176 1179 1246 sio
1197 1187 1248 1247 te-

166 1298 263 1368 nacis
283 1318 422 1389 quoque
443 1297 621 1380 memoriae
645 1319 702 1383 es,
725 1299 858 1382 Caesar,
877 1299 913 1367 in
932 1299 1011 1382 hoc,
1039 1307 1078 1368 ut
1102 1300 1137 1369 in
1159 1302 1247 1369 mul-

167 1416 223 1501 tis,
245 1419 396 1511 primum
418 1420 514 1489 illum
544 1417 719 1489 Caesarem
745 1429 902 1505 secutus,
929 1419 975 1491 ad
1000 1441 1104 1513 quem
1129 1420 1248 1490 Cioem

165 1541 311 1632 loquens
332 1541 535 1612 memoriam
552 1541 630 1611 eius
646 1543 819 1633 implorat,
841 1564 910 1634 que
928 1543 1045 1615 valere
1062 1542 1159 1612 illum
1172 1543 1248 1635 plu-

166 1661 291 1733 rimum
306 1661 404 1747 dicit,
420 1671 457 1732 ut
475 1661 535 1754 qui
550 1661 595 1732 nil
611 1664 720 1734 soleat
733 1663 798 1732 nisi
813 1664 957 1734 iniurias
975 1662 1145 1733 oblivisci.
1160 1660 1248 1744 ouae

165 1807 244 1857 oum
264 1788 313 1857 ita
333 1786 417 1869 sint,
437 1807 509 1857 nou
530 1797 586 1857 est
611 1787 759 1878 amplius
779 1785 1020 1856 dissimulandi
1042 1787 1153 1865 loons3
1178 1805 1248 1854 non

166 1927 310 2002 possum
332 1908 435 1977 tertio
455 1929 512 1977 me
537 1917 720 1979 vocantem
742 1909 935 1978 Romanum
962 1908 1151 2001 principem
1177 1927 1247 1977 non

166 2029 301 2101 audire.
329 2031 420 2101 Satis
447 2052 621 2123 superque
647 2053 716 2103 nou
746 2029 952 2114 insolentiae‚
979 2031 1090 2099 Deum
1124 2037 1246 2111 testor,

167 2152 232 2225 sed
256 2153 391 2223 inertiae
416 2154 532 2236 luerit,
560 2174 629 2224 non
655 2154 769 2225 stetim
802 2153 913 2243 primo
938 2151 1049 2221 iussui
1076 2150 1246 2243 paruisse.

166 2274 257 2346 Eece
277 2297 335 2346 me
356 2275 494 2358 iterum,
523 2276 655 2357 Caesur,
683 2297 806 2347 vocas:
834 2274 957 2346 venio:
986 2284 1088 2366 teque
1115 2274 1248 2344 utinam

167 2397 343 2470 inveniam
368 2409 526 2490 peratum
552 2398 669 2468 visere
695 2419 764 2467 non
790 2401 909 2481 semel,
939 2407 1000 2467 aut
1023 2396 1161 2475 iterum,
1185 2394 1249 2465 sed

168 2518 244 2589 sine
257 2518 517 2591 intermissione
534 2516 659 2587 diebus
676 2538 718 2588 ae
734 2517 894 2587 noctibus
909 2527 943 2587 te
961 2524 1136 2585 vocantes.
1153 2515 1247 2594 Vale,

167 2638 298 2722 Caesar,
319 2647 355 2708 et
375 2636 498 2728 gloriae
517 2648 552 2707 et
573 2636 680 2707 ltaliae
701 2646 772 2706 tuae
792 2656 926 2707 memor
946 2646 981 2707 et
1000 2634 1147 2726 imperii.

311 2781 474 2849 Mediolani,
490 2780 553 2836 llll.
570 2779 710 2836 Kalendas
724 2780 836 2851 llprilis.

593 3160 771 3224 mustott
800 3161 832 3224 x.

168 3308 364 3360 rnrunrseus
385 3310 553 3359 rnrnrncn
574 3312 708 3361 rourum
736 3310 887 3361 nrrsnono
909 3310 1099 3360 onnurrnnsr
1120 3311 1146 3359 s.
1168 3311 1196 3359 n.
1219 3311 1248 3358 n.

275 3436 331 3489 Sua
345 3435 522 3504 imminuens,
539 3436 600 3491 eius
613 3437 714 3492 merita
727 3436 842 3505 extollit,
860 3442 888 3490 nt
903 3437 937 3491 de
952 3437 1078 3507 proximo
1092 3452 1143 3490 suo

381 3523 409 3576 in
425 3523 602 3581 Germaniam
610 3525 709 3579 itinere
723 3506 872 3580 certiorem
887 3524 1035 3579 eumfacit.

263 3740 372 3809 Mirus
392 3758 442 3820 es,
465 3737 511 3806 mi
531 3735 685 3817 domine,
710 3737 819 3807 mirus
845 3758 885 3807 es
910 3735 1027 3807 valde:
1049 3757 1129 3806 nam
1150 3737 1247 3829 quid,
1344 3765 1349 3774 ·

167 3882 247 3944 oro,
268 3860 462 3932 mirabilius
487 3880 590 3951 quam
619 3856 656 3925 in
680 3857 746 3926 hac
770 3868 829 3930 tua
853 3859 1058 3930 excellentie
1077 3880 1192 3958 rernm
1211 3881 1249 3931 o-

167 3983 301 4054 mnium
311 3978 1247 4073 temsingularistamquesublimishumilites‘llnomni

167 4122 328 4176 sermone
350 4115 412 4176 tuo
433 4102 546 4175 modis
566 4100 729 4175 omnibus
748 4111 781 4172 te
797 4098 977 4193 deprimis,
990 4125 1094 4195 quem
1110 4115 1245 4185 nature,

294 4235 331 4274 ιιι.
1003 4256 1006 4261 -
1058 4225 1087 4274 tt
