2834 5086
572 304 726 353 scissent
751 307 823 354 xxti.
1183 294 1240 352 :titt

162 443 363 538 magnificas
384 446 563 540 opiniones
589 445 741 517 eliceret.
769 445 877 517 Nobis
903 447 1024 519 durior
1050 460 1169 519 nostra
1191 460 1246 517 est

162 579 264 650 aetas,
285 589 306 638 a
327 566 455 660 quibus
472 567 650 639 exactiore
669 568 785 639 omnia
806 570 1043 661 requiruntur.
1066 569 1245 642 Limntiori

164 692 294 762 saeculo
315 689 560 760 successimus.
587 688 666 759 Alto
688 711 811 781 sapere
835 712 905 761 non
932 691 1089 762 sinimur.
1116 693 1247 765 Cottio

164 811 261 883 ribus
287 810 433 900 ingeniis
465 810 687 903 circumsepti
723 833 860 898 sumus,
889 833 1037 904 quorum
1065 812 1248 886 admiratio

165 932 383 1004 insolentiam
402 940 556 1002 nostram
576 935 709 1003 lraenat.
726 934 819 1005 Cave
833 933 954 1026 igitur,
972 954 1015 1004 ne
1030 955 1085 1004 me
1098 933 1247 1006 amando

164 1074 390 1149 praegraveS,
408 1052 607 1145 obruasque
633 1076 700 1126 non
728 1057 796 1127 mei
823 1058 913 1126 mole
939 1054 1167 1148 cognominis.
1193 1055 1245 1125 ln·

166 1199 279 1267 genue
304 1175 443 1268 quidem
471 1177 565 1266 regis
598 1186 778 1268 poetarum
810 1179 1074 1271 appellationem
1109 1196 1245 1268 respuo.

167 1296 231 1369 Ubi
248 1299 340 1369 enim
368 1319 514 1390 reguum
547 1297 614 1368 hoc
646 1320 830 1369 exerceam
865 1302 1016 1391 quaeso‘?
1041 1299 1137 1382 Quos
1164 1299 1248 1369 mibi

166 1419 290 1492 statuis
313 1419 411 1512 regni
431 1419 517 1490 fines
529 1422 544 1488 ‘l
558 1419 733 1514 Occupata
748 1432 894 1512 utraque
916 1421 1019 1492 sedes
1033 1430 1104 1504 est,
1118 1442 1248 1510 cogno-

167 1564 316 1635 menque
340 1539 434 1612 istud
459 1541 553 1634 apud
577 1540 700 1614 Graios
727 1564 838 1614 senex
864 1543 920 1614 ille
946 1544 1132 1624 lllaeonius,
1155 1542 1248 1633 apud

166 1684 230 1734 nos
246 1662 403 1734 Venetus
421 1673 539 1754 pastor
554 1674 655 1735 tenet.
677 1662 739 1735 Ubi
761 1663 900 1748 sedere,
922 1685 1039 1756 quove
1061 1665 1111 1735 ire
1131 1661 1246 1744 iubes,

166 1797 204 1857 ut
234 1785 301 1856 sim
333 1793 452 1856 vatum
482 1807 559 1871 rex,
594 1785 660 1856 nisi
692 1787 780 1857 sorte
809 1787 843 1858 in
880 1784 1103 1859 solitudinem
1133 1809 1246 1858 meam

165 1907 429 1999 transalpinam,
454 1916 560 1999 atque
585 1908 632 1978 ad
659 1908 788 1977 fontem
810 1907 945 1998 Sorgiae
967 1928 1022 1978 me
1043 1907 1249 1998 restringis?

164 2027 234 2098 lllic
252 2027 373 2122 (iocari
393 2029 485 2098 enim
507 2037 622 2100 tecum
643 2028 745 2100 dulce
770 2026 844 2120 est)
866 2029 985 2100 nescio
1007 2049 1052 2098 an
1075 2029 1160 2110 iure,
1184 2029 1248 2100 sed

163 2161 259 2222 certe
284 2172 364 2223 cnm
396 2150 535 2222 Nasone
574 2163 633 2222 tuo
663 2151 803 2242 gloriari
843 2149 967 2223 solitus
1006 2171 1102 2235 sum,
1129 2152 1247 2222 forsan

163 2272 340 2356 audacter,
363 2282 401 2343 ut
420 2273 495 2364 ipse
520 2273 588 2343 nit:
621 2273 683 2344 sed
710 2276 800 2346 siout
829 2275 863 2344 in
885 2295 951 2345 suo
982 2273 1117 2369 poetico
1142 2272 1247 2345 exilio

164 2395 291 2495 lstrum
310 2392 381 2476 ille,
407 2393 458 2462 sic
486 2391 520 2460 iu
552 2414 631 2464 meo
660 2396 845 2487 peregrino
870 2396 946 2467 ocio
974 2394 1131 2484 Sorginm
1158 2415 1244 2485 ego:

323 2581 480 2661 ingenium
496 2583 614 2645 nullum
632 2586 732 2648 maius
749 2585 861 2647 habere
879 2603 958 2649 meo.

164 2767 264 2841 Ludo
280 2767 453 2860 equidem,
475 2768 595 2851 amice,
612 2780 649 2840 ut
666 2771 722 2839 vel
744 2769 795 2840 sio
814 2768 989 2859 inteiligas
1007 2766 1169 2839 omnibns
1191 2789 1248 2841 me

165 2884 278 2961 modis
298 2888 332 2960 id
349 2911 455 2982 agore
475 2911 520 2962 ne
541 2890 639 2963 titulo
659 2911 800 2984 premar
819 2889 1045 2986 importabili,
1070 2912 1161 2963 neve
1178 2911 1248 2962 non

166 3012 247 3081 milri
262 3011 418 3085 debitum
436 3033 581 3106 regnum
603 3023 734 3107 per-eps,
755 3016 851 3085 laesae
869 3034 951 3086 reus
965 3014 1123 3087 inveniar
1141 3014 1250 3085 maie·

167 3134 277 3203 stetis.
292 3134 474 3227 Reliquum
487 3145 553 3215 est.
564 3144 602 3207 ut
616 3135 712 3206 noris
729 3158 785 3207 me
811 3135 845 3205 in
862 3135 939 3207 dies
953 3137 1065 3228 magis
1079 3157 1120 3207 nc
1137 3135 1249 3227 magis

168 3272 380 3344 congressus
400 3277 505 3327 veros
529 3268 634 3352 atque
653 3260 859 3352 complexus
881 3270 959 3331 tuos
989 3269 1126 3353 optare,
1154 3256 1249 3352 quod

167 3374 297 3446 utinam
318 3377 377 3445 vel
397 3380 507 3449 semel
529 3379 612 3449 mihi
635 3380 813 3472 contingat
833 3393 1022 3474 antequam
1043 3381 1182 3452 moriar.
1203 3379 1249 3450 Et

167 3497 268 3581 valo,
305 3494 455 3570 Barbete
493 3496 684 3586 fidissime,
726 3505 837 3575 nostri
877 3525 1020 3575 memor.
1063 3480 1249 3574 Mediolani

168 3618 229 3691 llll
255 3616 335 3691 idus
364 3618 540 3706 Octobris,
563 3622 732 3713 postridie
761 3646 866 3717 quem
895 3625 1026 3697 litteras
1047 3633 1124 3696 tuas
1151 3642 1251 3694 acce·

169 3763 299 3838 pcram.
