2670 4688
178 241 236 302 1118
514 251 558 300 ua
578 250 679 300 nanus
701 250 922 300 rnuunnmus

179 394 373 487 suppliciis,
390 393 420 463 si
433 393 479 464 ita
503 415 558 465 res
579 395 734 477 tulisset,
757 413 895 486 semper
914 417 1018 466 aures
1045 407 1081 467 ut
1101 396 1257 470 honestis

178 514 341 588 laudibus
362 516 412 587 sic
432 515 534 586 iustis
559 513 890 607 reprehensionibus
912 527 1125 611 praeparatas
1150 519 1259 590 habe-

178 639 272 711 bant.
289 638 468 709 Noverunt
488 639 716 710 Pescennium
738 636 884 728 Nigrum
904 637 939 709 in
961 637 1111 734 AEgypto
1138 642 1256 713 vinum

178 759 416 852 flagitantibus
438 760 678 854 respondisse:
699 758 818 830 Nilum
839 762 962 832 bebetis
983 773 1013 830 ct
1034 764 1151 832 einum
1169 786 1259 853 qne-

178 883 272 955 rilis?
294 883 529 977 eumdemque
556 884 633 953 aliis
665 884 727 975 qui
753 884 975 955 aSaracenis
1007 885 1091 954 victi
1122 895 1256 966 essent,

181 1007 392 1080 tumultuose
413 1008 534 1077 vinum
556 1005 795 1099 poscentibus,
819 1008 894 1077 sine
913 1029 984 1100 quo
1008 1030 1165 1099 pugnare
1189 1029 1256 1077 non

180 1149 285 1221 posse
298 1150 337 1199 se
350 1128 515 1211 dicerent,
532 1129 722 1198 insultasse
741 1128 795 1197 bis
815 1128 955 1200 verbis:
975 1131 1166 1201 Erubescite
1181 1157 1190 1198 :
1208 1133 1258 1199 illi

178 1255 307 1344 quinos
320 1255 459 1322 vincunt
472 1274 589 1341 aquarn
606 1253 729 1318 bibunt.
744 1250 890 1320 blariunr
906 1275 1032 1344 nempe
1044 1255 1257 1324 Pescennius

179 1386 259 1447 ante
278 1376 398 1445 oculos
419 1371 587 1455 babebat,
611 1373 711 1442 cuius
732 1373 883 1442 imitator
905 1375 939 1442 in
963 1376 1082 1467 primis
1101 1379 1258 1448 mirator-

180 1519 249 1588 que
266 1515 424 1586 -magnus
449 1494 527 1576 luit,
555 1494 613 1585 qui
641 1516 710 1564 non
736 1493 856 1565 vinum
884 1494 946 1565 sed
972 1518 1098 1587 aquarn
1127 1503 1256 1591 petenti

178 1617 348 1688 exercitui
369 1614 625 1708 respondisset:
649 1614 824 1686 1111101111.Ι
843 1637 884 1683 en
901 1619 969 1685 illic
986 1618 1124 1684 doletis.-
1143 1632 1256 1687 castra

181 1738 333 1821 bostium
354 1737 543 1809 ostendeus
564 1738 622 1828 qui
644 1735 754 1828 ripam
775 1736 927 1808 fluminis
946 1735 1158 1807 obtinebant.
1181 1738 1257 1819 Quo

180 1882 351 1955 responso
375 1861 602 1933 inardescens
629 1861 741 1930 virtus
767 1880 810 1930 eo
835 1859 975 1930 militem
1002 1861 1166 1951 perpulit,
1201 1857 1257 1929 ubi

180 2006 296 2078 neque
314 1983 436 2054 vinum
457 1989 552 2054 certe
573 2004 687 2072 neque
708 2003 830 2075 puram
859 2002 987 2074 aquam
1014 1981 1134 2052 sitiens
1162 1981 1259 2050 inve-

180 2085 286 2190 niret,
308 2106 484 2198 quoniam,
500 2116 537 2176 ut
549 2104 738 2187 aitFlorus,
754 2114 850 2176 tanto
861 2104 987 2178 ardore
1000 2114 1192 2197 pugnatum
1206 2114 1261 2173 est

182 2242 220 2301 ut
239 2230 352 2301 victor
374 2248 541 2300 romanus
561 2225 607 2298 de
640 2236 787 2298 cruento
805 2225 949 2298 [lumine
971 2249 1038 2297 nou
1060 2229 1139 2317 plus
1159 2247 1261 2316 aquae

181 2341 308 2415 biberit
325 2364 432 2435 quam
454 2341 646 2432 sanguinis.
672 2341 763 2426 Quid
790 2353 907 2414 autem
940 2341 1122 2414 durissimi
1150 2340 1260 2413 duces

181 2462 276 2537 aliud
299 2462 489 2557 quidquam
518 2462 687 2535 militibus
712 2466 787 2537 suis
819 2465 852 2534 iu
886 2466 961 2536 acie
990 2462 1259 2556 responderent,

179 2587 321 2680 quando
341 2587 547 2660 mitissimus
571 2586 734 2681 princeps
767 2587 950 2678 Augustus
983 2584 1078 2658 durni
1108 2585 1144 2655 in
1177 2606 1262 2676 paee

181 2720 387 2803 querentem
407 2710 453 2781 de
487 2709 601 2801 inopia
634 2719 671 2780 et
702 2709 844 2781 caritate
870 2709 942 2779 vini
969 2710 1136 2800 populum
1162 2728 1264 2779 sevc-

182 2829 321 2898 rissima
338 2814 494 2899 oratione
517 2829 746 2918 compescuit,
776 2837 814 2897 ut
839 2829 1059 2919 Tranquillus
1087 2829 1150 2914 ait,
1177 2828 1262 2901 satis

182 2949 361 3042 provisum
384 2948 429 3016 ab
448 2949 600 3039 Agrippa
619 2969 751 3037 genero
768 2968 833 3017 suo
850 2948 971 3019 dicens
989 2952 1167 3041 perductis
1186 2956 1262 3045 plu-

183 3070 280 3142 rimis
300 3069 402 3160 aquis
423 3091 465 3138 ne
492 3068 650 3138 homines
677 3068 836 3138 sitirent?
862 3069 1005 3160 Nigrum
1034 3073 1147 3164 ipsum
1174 3097 1264 3168 quo-

182 3215 253 3285 que
274 3190 500 3267 meminerant
518 3199 587 3258 tam
609 3189 745 3259 infracti
767 3212 787 3259 a
805 3192 982 3282 voluptate
1004 3194 1122 3278 animi,
1139 3207 1262 3269 utnon

184 3324 365 3404 argeutum
387 3309 491 3381 modo
514 3309 708 3381 detraxerit
739 3332 786 3380 011
821 3332 887 3382 usu
923 3315 1063 3402 militiae,
1099 3342 1142 3390 ne
1175 3322 1264 3392 10110

184 3432 391 3506 militaribus
414 3432 598 3504 sarcinulis
620 3431 653 3500 in
670 3453 794 3502 manus
809 3432 958 3507 bostium
978 3439 1116 3524 deletiS,
1132 3445 1264 3514 nostris

185 3559 304 3651 spoliis
324 3557 546 3651 superbirent
565 3552 718 3638 barbari,
748 3555 811 3627 sed
836 3558 987 3649 pistores
1014 3566 1112 3654 sequi
1146 3578 1264 3636 castra

185 3683 347 3764 vetuerit,
370 3680 512 3772 vinique
540 3688 659 3770 potum
688 3700 832 3769 prorsus
863 3681 1101 3769 interdixerit,
1136 3685 1264 3759 iubens

184 3823 305 3873 omnes
326 3813 424 3875 aceto
443 3823 483 3874 ac
502 3799 655 3870 biscocto
680 3823 768 3894 pane
795 3817 976 3876 contentos
1002 3827 1095 3893 esse,
1123 3809 1264 3901 dequo

184 3923 231 3995 ita
252 3923 370 3994 scribit
401 3924 510 3994 AElius
542 3922 766 4014 Spartianus:
794 3926 976 4018 Nunquam
1009 3932 1067 3996 11111
1100 3954 1137 4000 00
1169 3934 1265 4004 miles

181 4048 383 4140 provinciali
407 4048 546 4138 liquent,
581 4046 699 4129 01011111,
735 4073 867 4140 operam
894 4054 1045 4136 extorsit,
1080 4067 1109 4122 cl
1143 4057 1209 4146 ipsc
1243 4082 1265 4127 o
