2670 4688
262 303 356 351 arnan
379 301 543 353 ammanus
565 303 955 356 suasurus-ammona
975 307 1018 356 ru.
1106 294 1160 356 151
1224 304 1227 315 ·

82 445 194 538 ipsum
227 442 379 515 scribere
416 466 482 515 neo
514 444 609 515 volui
643 468 706 517 nco
740 448 845 539 potui.
881 449 1039 542 Expecto
1071 448 1163 519 euim

82 563 256 656 Calpurnii
286 563 484 636 Bucolicum
512 587 653 637 carmen
691 579 727 638 et
755 577 850 639 tuam
875 568 1042 641 Varronis
1071 573 1165 661 agri-

81 687 269 767 culturam
298 687 402 757 valdo
431 685 524 757 enim
554 687 697 758 memini
730 689 760 759 si
793 688 878 782 quid
906 690 990 761 mihi
1022 692 1164 786 promit-

82 806 172 878 titur.
195 808 290 878 Vale.

222 946 341 1014 Patavii,
358 945 444 1001 XVII.
460 946 578 1018 Aprilis,
594 963 722 1020 propere.

585 1152 664 1162 ιι..-

493 1405 673 1470 aristosa
695 1408 750 1472 XII.

146 1594 339 1646 rnanclscus
361 1597 531 1647 Parauaea
553 1598 736 1648 auanarlno
758 1599 801 1649 DE
824 1599 963 1651 GANOBIO
983 1601 1103 1653 asuleo

560 1696 586 1745 S.
607 1697 637 1747 P.
659 1698 690 1746 I).
743 1694 745 1698 ’

149 1852 266 1908 Illortcm
281 1852 346 1924 luga
359 1853 434 1909 haud
450 1855 530 1909 vilari
544 1871 635 1926 posse.
654 1856 732 1913 Furti
746 1857 890 1913 domestici
905 1858 980 1930 quod
995 1874 1093 1930 passus

452 1949 494 1999 est
509 1945 654 2001 historiam
668 1953 789 2003 enarrat.

174 2186 228 2255 Nil
249 2186 316 2256 nisi
337 2195 538 2278 pergratum
562 2186 595 2254 in
619 2183 742 2255 litteris
770 2183 837 2255 luis
864 2183 943 2276 legi.
971 2182 1044 2253 lltsi
1070 2179 1161 2253 enlm

76 2307 206 2399 aliquid
232 2306 441 2400 supervacui
469 2308 600 2378 timoris
628 2307 744 2378 Inesse
770 2305 946 2388 videatur,
975 2316 1083 2377 tolum
1112 2314 1162 2374 ta-

77 2449 156 2498 men
183 2429 259 2519 puri
285 2427 413 2496 amoris
444 2436 608 2496 manate
634 2427 800 2507 lontibus,
828 2427 969 2518 dequo
995 2426 1163 2517 magister

79 2565 237 2618 amorum
261 2544 422 2636 scripsit:

321 2707 379 2771 Iles
396 2715 441 2771 est
458 2705 566 2770 soliciti
583 2706 669 2787 plena
686 2707 809 2771 timoris
825 2722 922 2770 amor.

76 2863 176 2967 Certe
192 2887 296 2959 quem
319 2885 483 2936 securum
511 2862 632 2935 videas
658 2884 728 2934 non
749 2874 920 2935 amantem
949 2861 1053 2944 scito;
1081 2885 1160 2935 nam

75 2991 153 3062 licet
172 3009 297 3062 secura
319 2988 375 3060 sui
395 2988 509 3058 virtus
531 2987 590 3072 sit,
608 2985 686 3059 aliis
704 2995 819 3057 tamen
843 2984 962 3058 timet:
989 2985 1083 3079 quud
1110 2986 1161 3056 in-

77 3123 128 3183 ter
147 3113 223 3184 illos
244 3111 358 3184 civilis
378 3111 459 3207 nelli
486 3122 601 3184 motus
627 3110 672 3183 de
698 3111 815 3183 Marco
841 3111 970 3184 Catone
997 3112 1158 3214 legImus.

75 3232 144 3304 Sed
160 3232 314 3326 nequod
330 3233 425 3326 apud
443 3245 475 3305 te
495 3235 652 3305 ultimum
667 3245 742 3306 erat
756 3232 851 3329 apud
864 3257 919 3306 me
934 3236 981 3306 sit
994 3234 1157 3328 primum,

75 3354 233 3428 ordinem
251 3365 349 3426 tuum
364 3377 493 3448 sequar
513 3355 559 3455 ad
580 3356 646 3428 hoc
666 3355 780 3450 ipsum
799 3367 921 3450 postea
936 3376 1157 3426 reversurus.

75 3479 170 3549 Laete
186 3476 291 3548 audio
310 3477 406 3569 quod
426 3480 620 3564 excusatio,
641 3479 735 3573 apud
747 3480 876 3570 vulgus
900 3480 988 3548 forle
1009 3499 1077 3548 non
1099 3498 1160 3547 ve·

76 3599 245 3685 risimilis,
269 3599 302 3669 in
325 3620 363 3671 se
390 3620 498 3684 vera·
515 3610 551 3671 et
575 3613 714 3693 apertas
739 3622 844 3673 aures
872 3613 948 3672 tuas
969 3610 1004 3670 el
1024 3598 1158 3670 facilem

75 3723 227 3794 animum
248 3720 432 3831 invenerit.
451 3722 597 3813 Signum
615 3721 718 3795 bonae
736 3723 862 3793 mentis
882 3730 938 3792 cst
959 3719 1076 3792 lidere.
1096 3722 1159 3792 So·

76 3834 152 3926 lent,
171 3845 231 3937 qui
259 3822 366 3915 multa
390 3843 606 3914 mentiuntur
630 3843 715 3914 nihil
740 3844 900 3929 credere,
927 3853 962 3914 ct
987 3843 1045 3935 qui
1073 3842 1156 3916 nihil

76 3968 201 4041 omnia.
224 3969 309 4040 Fere
330 3966 422 4038 enim
443 3966 489 4037 ita
506 3963 632 4037 accidit
653 3977 691 4036 ut
706 3967 844 4058 qualem
865 3967 1015 4059 quisquc
1036 3986 1075 4038 se
1095 3988 1158 4036 no-

77 4090 141 4174 vil,
167 4093 256 4162 talos
286 4091 373 4165 alios
405 4087 580 4182 opinetur,
609 4087 673 4159 nisi
696 4085 871 4190 inopinum
905 4090 993 4161 torte
1025 4087 1154 4181 aliquid
