2670 4688
122 190 182 253 tdd
464 200 506 251 nn
523 198 624 250 nuens
643 198 867 253 rnurnmmnus

123 360 236 424 scere,
258 336 359 409 diseo
382 338 480 409 mori.
501 337 657 422 Quorum
691 338 726 409 in
759 339 869 410 nitere
892 344 1063 431 quorsum
1092 338 1220 413 studio

121 471 312 555 provectus
334 459 410 543 sim,
430 458 506 531 dies
527 468 688 532 extrema
710 460 909 531 testabitur:
927 459 1092 553 ancipitis
1117 462 1219 533 enim

124 582 356 675 experimenti
376 591 444 666 est,
464 582 558 675 qnod
592 585 628 652 in
660 584 754 654 omni
788 591 943 674 tempore
975 578 1051 652 fieri
1085 582 1220 675 nequit

11 721 13 725 ’
124 705 272 797 amplius
293 726 399 798 quam
421 708 542 776 semel.
561 706 600 775 in
618 706 728 776 altero
745 714 863 775 autem
880 725 923 775 eo
940 724 1055 796 usqne
1075 704 1214 797 prodii,

122 839 162 900 ut
181 829 368 902 accedente
390 829 488 901 senio
513 830 549 900 in
575 827 651 900 dies
677 826 821 899 uberius
843 837 962 918 gretes
982 847 1107 918 egem,
1135 848 1216 899 ma·

122 953 236 1045 iisqne
255 952 380 1024 vinciis
401 973 459 1023 me
478 949 625 1032 absolvi,
640 958 678 1020 et
690 949 793 1041 gravi
814 969 921 1020 onere
941 947 1063 1033 levari,
1083 956 1126 1021 et
1145 949 1215 1021 im·

123 1075 246 1147 merito
265 1072 424 1146 eonvieio
444 1071 656 1143 diffamatam
673 1080 810 1143 aetntem
829 1071 922 1141 ilium
941 1090 1032 1141 rear.
1045 1069 1213 1144 Proiecto

121 1196 215 1268 enim
236 1216 307 1268 non
327 1195 460 1277 estatis,
484 1192 548 1265 sed
572 1195 724 1286 ignaviae
741 1203 796 1264 est
816 1192 912 1285 quud
932 1202 1122 1264 aecusator
1148 1214 1214 1265 nn-

123 1327 213 1389 turee
228 1326 487 1409 excusatorque
505 1316 559 1387 sui
577 1317 727 1410 populus
745 1314 890 1386 senibus
907 1312 1066 1409 imputat
1083 1313 1211 1387 Omnis

122 1450 210 1511 aetas
230 1450 266 1510 et
285 1439 425 1510 virtutis
441 1449 478 1510 et
496 1438 570 1507 vitii
588 1447 624 1509 et
639 1438 764 1531 gloriae
775 1446 811 1509 et
827 1436 980 1508 iniamiae
999 1456 1117 1530 capax
1135 1447 1210 1524 est,

122 1581 169 1631 ex
190 1579 261 1651 quo
281 1560 431 1651 primum
457 1559 653 1653 intelligere
672 1582 714 1632 ue
733 1559 867 1632 ratione
887 1557 936 1629 uti
958 1558 1114 1652 eoeperit.
1138 1559 1212 1632 Ve-

122 1704 200 1754 rum
222 1680 312 1754 sieut
332 1680 485 1753 humano
504 1682 611 1754 victui
632 1704 694 1776 per
715 1703 754 1755 se
774 1681 850 1775 ipsu
869 1679 994 1752 brume
1015 1701 1085 1752 non
1107 1681 1210 1753 suffi-

121 1806 182 1887 eit,
197 1817 234 1877 ut
251 1803 282 1876 si
295 1803 516 1897 providentia
528 1805 656 1877 aestivn
673 1804 904 1898 praeeesserit,
920 1800 1013 1874 hund
1027 1802 1211 1881 innmoenu

122 1948 203 2021 pars
237 1926 317 2000 anni
348 1938 414 2012 est,
447 1928 498 1999 sie
528 1929 643 2019 iongae
672 1937 834 1999 senectus
854 1926 990 1997 inertiae
1010 1925 1212 2003 sucoedens

124 2051 234 2145 inops,
253 2050 365 2123 tristis
384 2061 421 2122 et
441 2048 571 2121 sterilis
592 2057 697 2141 atque
719 2048 851 2119 inutilis
869 2048 952 2120 vitae
965 2067 1064 2141 pers:
1079 2048 1212 2123 eudem

122 2176 276 2246 iuventae
296 2172 423 2245 studiis
442 2171 619 2266 praeiulte,
641 2168 743 2242 dives
762 2168 1004 2262 bonarumque
1026 2171 1129 2241 ferax
1149 2193 1214 2245 er-

38 2276 40 2280 *
123 2296 228 2380 tium,
246 2305 351 2390 utque
372 2294 467 2368 utitis
487 2302 523 2366 et
543 2292 695 2365 iucunda
714 2303 783 2365 est:
809 2310 891 2386 quae
918 2293 948 2361 si
973 2291 1020 2364 sd
1040 2290 1089 2361 nil
1110 2292 1216 2369 atiud

122 2417 309 2514 prodesset
333 2439 439 2512 quam
465 2416 560 2511 quod
586 2415 856 2511 praeeedentium
882 2424 1024 2486 aetatum
1048 2414 1212 2487 omnium

123 2553 234 2614 aestus
247 2541 344 2625 lenit,
362 2539 516 2626 abunde,
536 2540 570 2613 ni
588 2543 699 2625 failor,
715 2562 833 2614 eausae
846 2539 913 2611 erit
930 2559 993 2608 cur
1004 2545 1041 2608 et
1051 2537 1215 2628 optanda

123 2673 218 2733 esset
228 2674 263 2733 et
276 2660 435 2733 amanda.
452 2665 538 2748 Quis
551 2668 692 2746 etenim,
705 2662 774 2733 nisi
786 2661 956 2748 ingratus,
971 2679 1042 2729 non
1056 2658 1213 2748 gratiam

126 2779 255 2849 habeut
270 2781 366 2851 sensti
378 2783 572 2855 consulenti
595 2783 739 2853 meliore
747 2790 782 2851 et
795 2756 1056 2853 consummanti¹
1065 2801 1109 2851 ea
1126 2804 1215 2875 qum

125 2900 214 2973 ratio
235 2898 405 2971 haetenus
429 2903 529 2993 pigra
555 2899 765 2993 neglexerit,
792 2899 944 2994 denique
970 2901 1066 2996 quod
1090 2913 1149 2974 est
1174 2905 1213 2977 in

127 3023 268 3097 bomine
282 3020 471 3117 pessimum
492 3022 693 3114 extirpanti,
713 3021 876 3116 quodque
896 3035 953 3096 est
971 3026 1140 3118 optimum
1156 3029 1215 3099 in—

126 3148 282 3217 serenti?
301 3142 371 3216 Sed
391 3143 497 3216 redeo
527 3145 573 3218 'ed
603 3147 789 3239 inceptum,
824 3155 860 3219 et
878 3146 1088 3242 praeeipuam
1112 3148 1211 3223 illem

130 3268 326 3339 studiorum
347 3288 478 3351 euram,
494 3269 529 3340 in
543 3291 613 3362 quu
633 3290 700 3361 ego
721 3269 772 3340 sie
790 3290 959 3342 exerceor
980 3272 1085 3342 anxie
1105 3275 1214 3363 quusi

128 3413 220 3461 nunc
240 3390 410 3482 ceperim,
433 3400 468 3461 et
489 3390 517 3461 si
537 3391 623 3462 nihii
640 3391 802 3485 amplius,
823 3392 908 3463 sutis
926 3393 1092 3485 estquod
1118 3398 1213 3467 'rnul-

127 3511 172 3579 tis
193 3510 324 3584 interea
345 3511 439 3583 euris
461 3511 632 3604 gravibus
652 3512 847 3598 abstrahor,
860 3524 896 3585 et
909 3513 1099 3586 obliviscor
1120 3525 1213 3587 tem-

128 3653 272 3723 porum,
294 3646 328 3704 et
348 3635 503 3707 detector
528 3644 564 3705 et
589 3634 685 3709 iuvat
704 3635 836 3719 vivere,
860 3648 896 3708 et
915 3658 956 3708 ea
982 3637 1110 3728 quibus
1133 3660 1211 3709 ma-

129 3753 224 3825 xime
243 3757 485 3830 coussietantur
507 3757 665 3830 homines
691 3758 754 3829 vix
779 3759 901 3831 sentio.
929 3759 1048 3852 ltaque
1074 3759 1208 3833 divitiis

130 3876 185 3944 alii
205 3874 397 3950 honoribus
418 3891 479 3952 aut
500 3879 739 3974 voluptatibus
760 3881 901 3953 inhient.
921 3880 996 3974 Ego
1015 3882 1050 3953 in
1071 3884 1138 3955 hoc
1154 3884 1209 3956 di-

131 3997 235 4069 uitias
268 4021 375 4083 mess
413 4005 445 4071 iu
468 4004 534 4076 hoe
567 4003 718 4075 honores
751 4005 1018 4095 voluptatesque
1051 4009 1205 4100 reposui:
