2670 4688
499 298 672 357 sersaoni
693 297 798 347 xnvrrr.
1132 278 1192 342 433

125 449 239 521 multis
274 447 430 545 tyrannis
464 455 667 539 usurpatam
694 442 888 513 libertatem
922 439 1104 512 vindicas?
1128 439 1193 512 Ca·

126 574 239 643 millus
258 593 304 643 ex
326 568 426 643 novis
445 577 481 641 et
504 567 618 639 adhuc
643 563 867 648 fumantibus,
896 572 932 635 tu
956 585 1005 634 ex
1030 565 1098 635 iam
1124 562 1193 658 pri-

124 696 201 768 dem
223 692 417 787 desperatis
438 714 479 764 ac
497 688 677 763 veteribus
698 689 807 762 ruinis
830 707 991 759 eversam
1019 685 1193 760 restituis?
1303 756 1305 761 .

125 819 243 900 Salve,
270 824 398 888 noster
417 815 570 898 Camille,
598 821 718 886 noster
745 815 869 896 Brute,
893 822 1010 884 noster
1031 812 1191 894 Romule,

126 964 189 1013 seu
216 939 368 1034 quolibet
387 939 453 1011 alio
478 937 616 1009 nomine
641 936 709 1009 dici
736 936 866 1018 mavis,
892 937 1006 1019 salve,
1027 936 1195 1005 Romanae

126 1061 307 1148 libertatis,
335 1062 499 1132 Romanae
523 1061 631 1152 pacis,
656 1060 821 1129 Romanae
847 1056 1105 1150 tranquillitatis
1134 1078 1197 1128 au-

127 1194 210 1255 ctor.
242 1183 314 1255 Tibi
348 1182 451 1255 debet
480 1203 638 1275 praeseus
661 1191 747 1254 aetas
767 1179 862 1274 qnod
883 1181 918 1250 in
939 1179 1099 1251 libertate
1124 1202 1197 1252 mo-

127 1307 247 1391 rietur,
270 1308 329 1378 tibi
349 1309 534 1400 posteritas
553 1305 647 1399 quod
668 1317 841 1377 nascetur.
863 1305 938 1377 Duo
967 1304 1108 1398 quidem
1129 1305 1197 1377 cito

126 1431 219 1501 dictu
241 1431 342 1502 laevia
362 1430 424 1502 sed
438 1430 560 1500 effectu
583 1427 820 1510 saluberrima,
844 1426 1048 1499 nominatim
1069 1435 1194 1520 petere,

126 1554 181 1624 vir
204 1553 358 1636 illustris
379 1553 618 1634 institueram3
639 1560 676 1624 tu
697 1571 753 1621 me
773 1551 807 1619 in
830 1551 938 1621 altero
963 1561 1089 1643 sponte
1108 1569 1199 1643 prm*

124 1681 269 1748 veniens
289 1675 397 1746 efficis
424 1684 462 1747 ιιι
480 1677 627 1747 alterum
661 1673 802 1768 petiisse
829 1672 915 1744 satis
942 1671 997 1744 sit.
1025 1672 1081 1744 Sic
1104 1671 1195 1744 enim

125 1800 215 1870 lama
235 1798 279 1869 de
301 1809 334 1870 te
355 1798 521 1890 loquitur:
544 1797 682 1869 solitum
702 1818 764 1890 per
785 1797 942 1888 singulos
952 1795 1039 1871 ‚dies
1060 1817 1109 1867 ex
1127 1817 1197 1888 quo

125 1922 170 1992 ad
191 1921 400 2016 Reipublicae
423 1919 579 2013 regimen
605 1919 806 2004 ascendisti,
841 1922 916 1990 luce
946 1920 1072 2013 prima,
1099 1927 1196 1991 aute-

126 2065 228 2135 quam
250 2043 377 2137 publici
398 2043 592 2137 privatique
612 2042 739 2135 negotii
760 2041 953 2135 quidquam
974 2062 1072 2133 agas,
1091 2062 1197 2113 vene-

126 2164 270 2237 randum
302 2165 468 2238 Dominici
494 2164 658 2263 Corporis
684 2176 957 2251 sacramentum,
984 2186 1063 2237 cum
1089 2164 1196 2235 multa

124 2287 310 2359 devotione
330 2299 365 2359 et
387 2289 611 2360 exactissima
643 2299 712 2359 tuae
739 2289 864 2360 mentis
890 2287 1110 2360 discussione
1136 2305 1196 2358 su-

125 2411 269 2502 scipere.
292 2410 364 2480 Hoc
382 2411 544 2481 nimirum
565 2411 730 2502 sapientis
750 2411 972 2501 fragilitatem
994 2430 1192 2502 corporum,

125 2542 161 2602 et
180 2529 262 2599 vitae
283 2527 487 2600 brevitatem
505 2530 714 2624 reputantis,
733 2538 769 2600 et
784 2530 1024 2623 impendentes
1041 2528 1194 2620 undique

124 2671 229 2722 casus
250 2650 364 2722 varios
385 2652 703 2744 circumspectantis
724 2651 790 2721 viri
811 2673 899 2746 opus
914 2663 979 2723 est.
1001 2651 1193 2735 Servasset,

127 2782 164 2842 ιιι
184 2794 345 2864 auguror,
368 2774 460 2844 hunc
481 2795 610 2844 morem
633 2775 663 2845 si
683 2773 727 2846 ad
748 2775 825 2845 baec
846 2784 999 2868 tempora
1017 2774 1195 2867 pervenis-

127 2907 190 2978 set;
211 2895 368 2967 servavit
386 2896 562 2989 quoddam
585 2895 712 2980 simile,
733 2909 902 2989 quantum
922 2895 1073 2968 obducta
1097 2908 1195 2968 tene·

126 3015 197 3087 bris
216 3026 252 3089 et
271 3019 435 3091 aethereas
456 3018 542 3090 lucis
561 3039 670 3110 agens
690 3018 848 3110 permisit
868 3030 974 3103 aetaS,
995 3017 1050 3090 ille
1071 3019 1196 3089 Roma-

126 3160 249 3211 norum
272 3139 397 3213 ducum
424 3143 527 3233 longe
552 3139 776 3212 clarissimus.
803 3140 985 3234 Reliquum
1012 3150 1067 3214 est
1090 3141 1196 3233 igitur

126 3271 166 3331 ut
182 3264 342 3355 quotiens
361 3287 423 3335 seu
440 3262 665 3335 discumbens
684 3266 777 3346 lorte,
800 3285 862 3334 seu
882 3265 1049 3336 insomnis
1067 3262 1193 3348 iacens,

126 3385 290 3477 seuquid
308 3387 401 3457 aliud
418 3387 552 3481 corpori
571 3386 740 3471 tribuens,
759 3385 891 3478 aliquid
908 3386 1009 3458 otiosi
1030 3385 1195 3479 temporis

125 3523 248 3582 nactus
268 3511 355 3594 erle,
374 3510 488 3581 animo
507 3509 611 3582 etiam
633 3512 685 3581 sui
707 3511 845 3601 generis
866 3508 1027 3581 alimenta
1048 3531 1092 3581 ne
1113 3507 1195 3581 sub

124 3633 253 3706 trabas.
282 3633 373 3724 Lege
401 3633 484 3705 dum
505 3643 626 3706 vacat:
644 3633 784 3725 quando
806 3631 841 3704 id
860 3654 907 3703 ex
927 3631 1107 3704 commodo
1127 3652 1194 3703 non

124 3768 237 3850 potes,
260 3759 414 3849 legentes
436 3760 601 3829 ausculta.
629 3754 742 3827 Habes
769 3755 803 3826 in
830 3753 1029 3827 huiusmodi
1056 3754 1104 3827 rei
1131 3754 1196 3826 do-

124 3901 198 3952 cem
229 3881 418 3955 imitatione
450 3881 696 3972 dignissimum
728 3882 941 3973 Augustum,
972 3880 1016 3951 de
1047 3900 1116 3972 quo
1147 3877 1194 3950 ita

125 4004 288 4097 scriptum
310 4015 377 4091 est,
398 4004 492 4098 quod
518 4003 552 4073 in
579 4004 740 4074 lectulum
766 4012 1011 4095 transgressus
1032 4024 1100 4075 non
1120 4022 1194 4074 am·

124 4125 214 4215 plius
236 4148 341 4219 quam
368 4138 502 4222 septem
529 4124 632 4197 boras
658 4122 867 4211 dormiebat,
893 4146 934 4197 ac
958 4147 1003 4198 ne
1031 4146 1092 4199 eas
1118 4123 1193 4218 qui-

247 4258 282 4298 ιιι.
1008 4244 1040 4296 ‘28
