2670 4688
130 260 187 322 ὥς)
467 260 507 307 ns
530 256 630 307 renus
651 255 876 305 rturnreereus
902 279 907 287 -

131 417 211 487 tutio
232 407 394 487 sentitur,
416 425 480 475 noc
500 401 639 472 timetur
658 397 747 469 finis.
766 399 959 472 Memorato
977 402 1066 473 mibi
1087 408 1224 500 saepius

127 548 162 608 et
199 530 334 602 laudata
369 526 535 598 naturalis
570 521 712 593 historia
746 522 934 614 repetenda
967 534 1034 595 est.
1059 528 1223 622 Hypanis

129 653 407 749 septentrionalis
437 649 565 720 fluvius
590 646 682 738 arqui
708 646 833 716 dexter
864 644 934 738 (sic)
959 647 1093 720 Tanais
1113 652 1224 724 fertur

129 781 162 849 in
185 788 348 870 pontum:
372 772 417 841 ibi
439 771 604 842 bestiolas
624 766 794 862 quasdam
817 769 915 839 nasci
937 769 1062 842 scribit
1084 772 1222 846 Aristo·

129 902 224 983 telos
245 916 326 989 quae
346 894 483 964 nonnisi
505 892 596 963 diem
615 912 722 961 unum
740 889 875 961 vivunt.
895 893 1089 984 thuanto
1104 894 1219 980 nobis,

128 1042 190 1093 oro
217 1033 261 1102 te,
288 1020 424 1109 longior
449 1020 521 1086 vita
548 1019 625 1085 ost‘l
655 1014 823 1098 Quaedam
850 1036 952 1085 mane
978 1013 1138 1102 obeunt,
1166 1018 1221 1091 bae

127 1144 269 1240 quidem
304 1143 469 1222 iuvenes3
507 1138 670 1229 quadarn
703 1160 787 1209 vero
824 1136 891 1207 sub
923 1139 1129 1225 meridiem,
1164 1142 1219 1215 bae

128 1269 282 1340 iuventae
316 1263 452 1344 medio;
485 1263 563 1331 aliae
587 1261 758 1330 inclinata
784 1262 850 1330 iarn
878 1260 922 1331 ad
946 1282 1118 1334 occasum
1145 1265 1216 1350 die,

128 1389 185 1460 hee
205 1388 270 1458 iem
292 1384 536 1478 perfectiores3
559 1383 638 1453 atta
658 1382 835 1454 occidente
869 1383 954 1464 sole,
988 1381 1047 1454 bae
1072 1386 1217 1458 demum

128 1508 315 1600 decrepitae
348 1508 558 1590 moriuntur,
585 1527 699 1597 eoque
725 1504 837 1595 magis
860 1504 889 1574 si
911 1507 999 1577 sorte
1025 1510 1216 1583 solstitium

128 1630 175 1699 sit
194 1629 368 1700 aestivum.
392 1629 517 1697 Confer
538 1638 691 1696 nostram
713 1625 952 1716 longissimam
970 1638 1116 1701 aetatem
1137 1654 1214 1706 oum

127 1752 221 1824 omni
242 1751 451 1832 aeternitate,
476 1759 512 1819 ut
533 1747 581 1817 ait
601 1747 734 1819 Cicero<
757 1749 790 1818 in
810 1748 934 1821 eadem
957 1756 1214 1846 propemodum

126 1872 297 1944 brevitate
317 1894 387 1964 qua
408 1872 476 1942 illae
497 1870 657 1941 bestiolae
678 1871 904 1962 reperiemur.
922 1869 978 1941 Sic
998 1885 1057 1946 est
1074 1875 1210 1950 hercle!

127 1995 397 2089 necquidquam
419 1995 465 2068 ad
485 1993 786 2086 contemplandam
813 1993 896 2065 vitae
919 1992 1132 2071 brevitatem
1159 2001 1213 2074 die

127 2139 205 2188 reor
228 2118 413 2189 efficacius.
441 2119 705 2208 Distinguamus
736 2129 773 2189 ut
801 2118 904 2204 libet;
938 2119 1213 2216 multiplicemus

126 2259 296 2310 annorum
332 2259 520 2308 numeros:
556 2237 729 2329 fingemus
763 2250 905 2312 aetatum
938 2242 1092 2314 nomina.
1127 2246 1212 2318 Tota

125 2359 200 2430 vita
221 2361 370 2431 hominis
392 2360 469 2431 dies
490 2381 582 2431 unus
608 2370 678 2445 est,
707 2363 774 2435 ned
796 2365 943 2434 aestivus
964 2363 1119 2455 quidem,
1149 2367 1211 2439 sed

125 2481 295 2555 bibemus
329 2484 419 2569 dies,
461 2482 590 2578 inquo
623 2486 849 2568 menoetius,
878 2487 967 2557 alius
993 2486 1050 2572 die
1079 2488 1207 2574 medio,

124 2605 215 2677 alius
237 2608 462 2690 tardiuscule,
485 2608 574 2680 alius
595 2619 712 2680 autern
735 2631 814 2680 sero
835 2610 1000 2679 moritur:
1028 2607 1087 2680 hic
1111 2620 1210 2684 tener

124 2749 166 2800 ao
197 2728 359 2816 lloriduS,
387 2730 442 2800 bio
469 2729 597 2814 durus,
637 2730 693 2802 bio
725 2732 792 2801 iam
824 2729 943 2802 aridus
980 2739 1089 2822 atque
1125 2755 1209 2805 con-

124 2858 298 2942 sumptus.
318 2850 433 2934 ilaue,
458 2851 571 2943 inquit
591 2851 787 2933 Psalmista,
815 2855 900 2922 sieut
925 2852 1025 2921 terta
1050 2863 1207 2938 trauseat,

123 2992 222 3042 mune
256 2971 371 3062 floreat
412 2983 442 3040 et
477 2984 632 3053 trauseat,
666 2994 800 3063 vespere
832 2971 967 3056 decidat,
1006 2972 1141 3046 r'uduret
1178 2986 1208 3046 et

124 3103 259 3164 arescet.
284 3092 382 3163 Multi
406 3093 601 3164 moriuntur
627 3114 745 3178 sense,
774 3103 809 3165 et
835 3096 864 3166 si
892 3095 1105 3190 sapientibus
1131 3119 1208 3171 ore·

124 3216 255 3301 dimus,
280 3236 380 3286 nemo
402 3237 470 3286 non
492 3238 604 3287 senex
630 3240 698 3288 non
718 3218 877 3301 moritur,
897 3219 978 3311 quia
997 3241 1062 3290 sua
1077 3220 1208 3314 cuique

124 3336 164 3409 fit
188 3349 349 3410 senectus
376 3338 458 3407 vitae
486 3336 575 3409 finis.
607 3340 732 3411 litaturi
761 3353 876 3412 autem
908 3341 1023 3434 pauci:
1057 3344 1119 3434 qui
1144 3343 1208 3415 diu

122 3459 255 3529 vixerit
287 3460 421 3538 nullus;
454 3460 520 3529 nisi
557 3462 612 3531 oui
646 3483 853 3554 persuasum
882 3463 926 3534 sit
954 3463 1043 3534 inter
1069 3462 1208 3535 brevis·

124 3583 251 3655 simum
279 3591 383 3674 etque
408 3583 665 3673 longissimum,
689 3585 752 3655 sed
773 3584 907 3656 finitum
933 3597 1087 3679 tempus,
1120 3586 1208 3659 nibil

123 3705 304 3776 interesse.
327 3706 403 3789 Qua
428 3706 463 3777 iu
489 3726 526 3775 re
551 3725 630 3775 meo
652 3708 761 3777 veteri
784 3707 912 3780 iudicio
932 3709 1017 3778 nibil
1045 3707 1206 3780 additum

122 3840 189 3910 est.
211 3827 278 3898 nisi
299 3827 403 3920 quod,
428 3838 464 3899 ut
482 3825 568 3912 diri,
589 3827 731 3918 quidem
753 3827 865 3901 doctis
888 3829 973 3902 viris
993 3840 1074 3899 ante
1091 3830 1210 3902 uredi-

122 3948 255 4034 demm,
282 3950 366 4021 milri
394 3951 460 4024 iem
490 3947 609 4034 credo,
638 3959 674 4018 et
698 3949 792 4043 quod
812 3950 980 4045 opinabar
1003 3954 1096 4022 scio:
1124 3975 1208 4026 nam

124 4074 254 4146 necilli
277 4075 374 4147 alitor·
393 4098 498 4167 quam
520 4072 671 4146 videndo
695 4083 731 4142 et
756 4073 984 4147 observando
1009 4073 1209 4151 didicerunt
