2670 4688
279 307 370 356 tiana
394 308 923 361 vrcssmusrnarrus.-srrsrott
943 314 1006 363 ιιι.
1120 300 1178 365 ιθι

102 451 277 544 praesidet.
299 451 520 523 Adolescenti
541 453 642 542 origo
658 474 698 524 ac
719 455 856 525 fortuna
877 455 1029 526 humilis.
1050 455 1184 529 Verum

102 574 311 645 abstinentia
330 583 367 644 et
386 573 543 663 gravitas
564 576 621 645 vel
642 575 676 643 in
699 594 782 646 sene
803 575 1000 661 laudabilis,
1028 598 1108 650 acre
1132 578 1184 649 in-

102 697 243 786 genium
261 719 302 768 ac
319 697 429 779 lacile,
449 718 559 789 rapax
577 695 743 767 memoria
760 705 796 766 et
812 718 936 790 capax,
951 699 1116 791 quodque
1128 711 1185 772 est

102 821 280 913 optimum,
304 832 419 892 tenax.
438 821 637 891 Bucolicum
653 840 767 890 meum
781 840 937 900 carmen,
951 818 1132 892 duodecim
1145 833 1185 892 ut

103 942 173 1012 scis
198 941 399 1012 distinctum
425 941 569 1031 eglogis,
599 938 757 1011 undecim
791 939 966 1010 continuis
982 938 1107 1014 diebus
1132 942 1185 1014 di·

102 1061 195 1144 dicit,
220 1061 488 1154 memoriterque
510 1063 666 1134 servavit
685 1061 751 1147 ita,
773 1071 812 1134 ut
829 1063 979 1153 singulis
995 1061 1123 1135 diebus
1138 1065 1184 1136 ad

105 1203 289 1274 vesperam
311 1203 413 1254 uuam
431 1182 515 1252 mihi
532 1185 706 1274 eglogam,
725 1182 988 1279 novissimeque
1005 1182 1098 1255 duas
1116 1196 1185 1256 tam

102 1314 318 1389 constanter,
333 1303 450 1396 nilque
467 1302 636 1375 hesitans
653 1303 854 1375 recitaverit
870 1302 971 1396 quasi
991 1302 1060 1376 sub
1075 1305 1185 1377 oculis

104 1427 190 1498 liber
210 1436 317 1497 esset.
338 1428 402 1496 Est
422 1426 489 1497 sibi
512 1439 692 1519 praeterea,
714 1425 808 1519 quod
829 1448 910 1498 raro
935 1438 1053 1499 nostra
1081 1427 1188 1500 habet

102 1558 207 1633 aetas,
238 1548 447 1620 inventionis
478 1568 606 1640 magna
638 1547 694 1618 vis
726 1568 767 1618 ac
800 1547 926 1619 nobilis
959 1549 1125 1643 impetus,
1151 1562 1187 1622 et
1250 1565 1259 1582 ·

102 1669 250 1743 amicum
284 1671 394 1743 lllusis
427 1679 565 1763 pectus,
594 1669 750 1762 iamque,
778 1681 815 1741 ut
847 1671 896 1741 ait
920 1671 1032 1755 Maro,
1053 1671 1187 1766 etipse

103 1796 182 1868 lacit
206 1817 298 1866 nova
323 1794 487 1879 carmina,
504 1803 541 1866 et
557 1795 586 1864 si
608 1793 738 1866 vixerit
762 1803 876 1886 atpue,
903 1804 941 1864 ut
960 1815 1077 1888 spem,
1105 1815 1185 1865 cum

105 1931 259 2011 tempore
290 1918 457 1999 creverit,
491 1916 586 2010 quod
611 1915 655 1988 de
680 1914 868 1988 Ambrosio
896 1915 1106 1987 vaticinatus
1131 1926 1188 1986 est

103 2054 217 2134 pater,
240 2040 369 2133 aliquid
390 2040 508 2132 magni
531 2041 607 2111 erit.
629 2039 733 2110 lllulta
755 2039 800 2110 de
825 2038 885 2111 illo
910 2040 976 2111 iarn
1003 2060 1095 2109 nunc
1119 2037 1188 2110 dici

103 2172 264 2255 possunt:
286 2185 394 2257 pauca
412 2161 457 2235 de
475 2162 604 2234 multis.
627 2160 804 2233 Audivisti
827 2183 945 2233 unum.
963 2161 1063 2232 Nunc
1081 2161 1186 2234 etiam

101 2285 243 2358 audiet
270 2285 410 2358 virtutis
442 2295 479 2357 et
511 2285 670 2356 scienliae
702 2282 966 2356 tundamentum
1004 2283 1185 2375 optimum.

101 2406 179 2476 Non
207 2408 338 2496 vulgus
363 2416 434 2476 tarn
455 2408 619 2498 pecunias
653 2416 747 2476 amat
772 2416 876 2495 atque
903 2406 1053 2497 expetit,
1081 2426 1186 2496 quam

103 2527 160 2597 hic
180 2527 253 2598 odit
274 2548 314 2597 ac
334 2531 478 2618 respuit.
501 2526 672 2595 Nummos
693 2525 738 2594 illi
757 2526 923 2614 ingerere
947 2527 1068 2597 irritus
1091 2525 1188 2597 labor

103 2662 167 2721 cst.
196 2647 307 2719 Victui
334 2648 531 2719 necessaria
566 2649 627 2716 vix
657 2646 817 2718 admittit.
845 2647 1048 2719 Solitudinis
1069 2647 1188 2721 studio

103 2771 300 2865 ieiunioque
320 2781 355 2842 et
376 2768 504 2861 vigiliis
527 2790 661 2842 mecum
683 2780 815 2853 certat3'
829 2790 926 2863 saepe
944 2769 1000 2840 ille
1016 2768 1185 2862 superior.

103 2895 195 2978 Quid
224 2896 357 2966 multa‘l
390 2892 434 2964 lis
467 2915 525 2964 me
557 2893 715 2965 moribus
747 2893 798 2965 sic
831 2893 1028 2986 promeruit,
1060 2901 1188 2964 utnon

104 3018 220 3089 minus
241 3018 326 3089 mihi
346 3038 450 3111 quam
474 3016 566 3088 filius
585 3038 691 3109 quem
712 3015 914 3109 genuissem
940 3036 1045 3086 carus
1069 3015 1129 3095 sit,
1152 3022 1188 3086 et

104 3139 264 3211 fortassis
283 3162 326 3212 eo
347 3141 470 3223 carior,
493 3139 589 3232 quod
615 3137 725 3222 filius,
747 3149 786 3210 ut
811 3159 887 3211 mos
907 3148 963 3209 est
983 3137 1187 3207 adolescen-

105 3262 189 3332 tium
216 3272 429 3343 nostrorum,
460 3263 634 3355 imperare
658 3263 779 3346 vellet,
813 3261 871 3331 hic
904 3278 1027 3351 parere
1052 3256 1185 3341 studet,

103 3405 169 3456 nec
189 3383 265 3454 suis
284 3384 524 3476 voluptatibus
543 3383 607 3457 sed
624 3384 711 3457 meis
729 3394 832 3455 vacat
848 3381 1049 3474 obsequiis,
1068 3390 1105 3451 et
1121 3379 1187 3452 boe

102 3508 246 3603 quidem
263 3506 357 3577 nulla
375 3507 536 3598 cupidine
558 3527 621 3578 seu
642 3528 704 3599 spe
721 3505 871 3598 praemii,
891 3504 954 3577 sed
972 3504 1048 3574 solo
1067 3525 1187 3575 amore

103 3640 245 3712 tractus,
268 3639 303 3699 et
335 3630 483 3727 tortasse
518 3628 664 3720 sperans
699 3638 820 3698 nostro
853 3625 928 3698 fieri
958 3623 1080 3696 melior
1104 3646 1186 3696 con·

103 3754 208 3824 victu.
236 3753 308 3822 lam
339 3760 420 3822 anta
449 3749 625 3822 biennium
659 3751 704 3823 ad
738 3772 793 3822 me
827 3749 935 3829 venit,
957 3748 1186 3840 venissetque

104 3877 234 3948 utinam
255 3874 444 3957 maturius3
467 3874 530 3947 sed
550 3896 614 3966 per
634 3882 772 3944 aetatem
793 3893 863 3943 non
885 3872 992 3942 multo
1018 3880 1100 3943 ante
1125 3892 1186 3965 po·

105 3998 238 4070 luisset.
277 3997 482 4069 Familiares
519 3995 686 4091 epistolas
728 4012 824 4065 meas
866 3995 981 4066 soluto
1024 4016 1185 4067 sermone

101 4118 229 4204 editas,
249 4139 332 4212 quae
360 4131 400 4193 ut
424 4121 545 4193 multae
578 4138 738 4201 numero,
775 4117 827 4189 sic
857 4127 893 4188 et
925 4118 1024 4190 multi
1052 4117 1182 4189 aduam
