2670 4688
458 346 614 398 urrsroul
636 344 741 394 xurnr.
1078 327 1138 388 423

61 490 135 560 illos
161 488 292 580 meritis
312 496 348 559 ot
368 487 564 559 felicissimo
591 503 761 554 successu
787 480 956 567 libertatis
982 483 1137 572 gratuler

62 611 211 682 incertus
229 606 318 680 sum.
338 609 500 702 Utrisque
517 607 647 700 pariter
664 604 834 696 gratulor,
851 602 1138 693 utrosqucsimul

62 733 231 825 alloquar,
251 751 365 822 noque
384 750 473 822 quos
496 741 565 802 tam
586 729 792 801 coniunctos
810 720 1018 816 rebus-ipsis
1036 722 1138 797 video

63 872 225 923 sermone
250 851 461 942 disiungam.
495 850 564 923 Sed
589 849 719 944 quibas
744 832 883 925 inlsrim
913 842 1032 943 verbis
1062 855 1139 916 utar

64 973 98 1043 in
132 985 199 1044 tam
233 972 413 1065 repentino
439 983 577 1062 tamque
611 969 787 1064 inopinato
820 950 973 1060 gandii?
1005 962 1139 1049 Quibus

64 1095 155 1164 votis
175 1092 365 1164 exultantis
391 1092 497 1167 aaimi
514 1100 633 1166 motus
648 1091 842 1184 explicem?
862 1090 996 1161 Usitata
1021 1085 1141 1160 sorde

66 1228 183 1301 scunt,
204 1216 368 1286 inusitata
388 1232 457 1286 non
477 1213 601 1286 audeo.
623 1211 781 1283 Furabor
811 1232 866 1281 me
894 1210 1063 1304 tantisper
1082 1230 1141 1281 oc-

66 1336 308 1430 cupationibus
333 1337 433 1420 meis,
462 1346 498 1408 et
518 1335 701 1407 Homerico
726 1335 805 1407 stilo
831 1332 1060 1425 dignissimos
1083 1354 1142 1405 co·

67 1461 209 1550 gitatus,
231 1458 325 1551 quod
359 1458 503 1549 penuria
530 1457 696 1551 temporis
721 1457 888 1540 hortatur,
915 1455 1141 1527 tumultuaria

67 1583 276 1673 complectar
298 1580 464 1652 oratione.
490 1577 649 1651 Libertas
677 1579 710 1649 lu
744 1558 871 1650 medio¹
888 1586 1046 1683 vestrum
1072 1588 1140 1660 est,

66 1723 135 1794 qua
168 1700 252 1771 nihil
272 1701 431 1785 dulciuS,
454 1701 539 1770 nibil
574 1700 760 1795 optabilius
796 1720 975 1791 nunquam
1008 1684 1143 1771 ‘certius

66 1845 172 1914 quam
202 1821 380 1917 perdendo
406 1822 640 1914 cognoscitur.
662 1824 734 1894 Hoc
760 1835 873 1894 tamen
900 1823 1023 1915 grandi
1049 1820 1143 1895 bono

67 1955 102 2014 et
124 1943 363 2036 experimento
384 1954 435 2015 tot
454 1964 624 2016 annorum
650 1944 788 2037 cognito
805 1947 894 2027 tacte,
922 1944 1049 2027 sobrie,
1070 1964 1145 2015 mo·

67 2066 167 2138 desta
200 2066 452 2159 tranquilleque
485 2065 660 2150 fruamini,
695 2068 826 2159 gratias
851 2079 995 2167 agentes
1024 2068 1148 2140 talium'

68 2207 250 2259 munerum
272 2187 425 2280 largitori
447 2188 532 2271 Deo,
553 2188 615 2281 qui
638 2189 791 2260 nondum
813 2176 1146 2263 sacrosanctissima

68 2331 143 2381 suaa
164 2310 266 2380 Urbis
286 2309 415 2380 oblitus
432 2323 501 2393 est,
523 2319 558 2378 et
578 2331 655 2379 eam
678 2331 818 2380 servam
835 2310 968 2383 diutius
989 2302 1145 2404 spectro

68 2453 137 2501 non
157 2430 288 2521 potuit,
312 2429 405 2520 apud
425 2450 528 2519 quam
551 2439 723 2499 terrarum
753 2430 848 2501 orbis
872 2430 1055 2523 imperium
1077 2432 1148 2502 col-

70 2552 207 2621 locarat.
230 2551 360 2641 ltaque,
384 2549 590 2633 virilorteS,
611 2560 647 2619 ot
672 2550 827 2621 virorum
849 2552 986 2621 sortium
1009 2571 1148 2622 succes·

10 2709 12 2719 ›
71 2691 183 2754 sores
215 2669 352 2741 sicum
385 2668 545 2741 libertate
571 2688 657 2740 sana
681 2690 781 2793 pens
815 2670 927 2755 rediit,
956 2693 1025 2743 non
1050 2672 1148 2766 prius

71 2795 160 2866 hanc
190 2796 294 2885 quani
329 2791 438 2864 vitam
468 2790 702 2865 deserendam
736 2791 802 2864 sibi
835 2794 987 2887 quisque
1018 2816 1084 2889 pro
1109 2814 1148 2866 se

70 2916 209 3006 cogitet,
228 2915 303 2986 sine
324 2936 392 3008 qua
414 2914 486 2986 vita
508 2914 694 2988 ludibrium
713 2927 778 2989 est.
795 2917 1013 2990 Praeteritum
1035 2918 1148 2988 servi-

72 3051 178 3111 tutem
210 3048 291 3109 ante
315 3040 435 3109 oculos
465 3038 607 3109 assidue
628 3050 811 3117 revocate:
839 3041 891 3112 sic
913 3041 1052 3122 etenim,
1081 3036 1149 3110 nisi

70 3161 183 3242 fallor,
206 3160 272 3230 erit
292 3181 450 3253 praesens
471 3161 649 3252 aliquanto
673 3162 777 3232 etiam
804 3184 909 3254 quam
936 3163 1010 3232 vita
1035 3162 1150 3232 carior

71 3282 229 3365 libertas,
252 3292 290 3352 ut
309 3283 339 3352 si
360 3284 527 3352 alterutro
551 3283 740 3354 carendum
773 3284 828 3368 sit,
858 3285 1002 3378 reperiri
1036 3285 1153 3355 valeat

72 3424 189 3486 nemu,
204 3404 259 3474 cui
273 3403 376 3474 modo
398 3403 550 3496 supersit
569 3404 761 3497 quidquam
784 3407 928 3478 Romani
950 3405 1150 3496 sanguinis,

71 3528 221 3620 quinon
242 3525 340 3596 malit
359 3527 394 3595 in
415 3525 573 3596 libertate
596 3529 689 3612 mori,
708 3549 812 3620 quam
841 3531 875 3598 in
902 3527 1072 3599 servitute
1099 3528 1152 3597 vi-

73 3669 166 3718 vere.
186 3648 336 3739 Elapsus
356 3646 460 3716 hamo
478 3647 582 3738 piscis
601 3647 771 3741 quidquid
788 3648 822 3718 in
842 3648 945 3719 undis
963 3647 1152 3719 internatat

73 3769 210 3850 metuit;
227 3788 380 3839 excussa
396 3765 557 3838 lancibus
574 3770 735 3862 luporum
756 3771 834 3841 ovis
854 3772 999 3863 glaucos
1015 3771 1151 3842 eminus

74 3887 191 3959 horret
222 3909 348 3961 canes:
383 3889 547 3981 explicita
571 3886 670 3961 iliaco
694 3891 848 3963 volucris
871 3901 943 3964 tuta
964 3893 1071 3964 ctiam
1095 3915 1151 3965 ar-

73 4005 179 4080 busta
217 4010 389 4083 lormidat.
419 4010 464 4081 Et
483 4030 570 4096 vos,
594 4011 677 4082 mihi
712 4012 864 4099 credite,
890 4014 1036 4087 inescati
1061 4013 1152 4088 hami

75 4125 173 4199 ialsoe
201 4135 275 4225 spei
307 4133 492 4220 blanditiis,
525 4146 561 4207 et
592 4155 658 4207 vos
690 4136 866 4230 pestilera>
890 4135 1152 4208 consuetudinis
