2670 4688
171 235 211 295 ts
509 247 549 295 uu
570 248 670 296 naeus
692 246 915 296 ermerannus

171 386 268 475 longi
293 386 424 455 amoris
451 384 662 468 recordati0‚
691 384 795 456 simul
820 384 919 455 amici
947 386 1044 454 frons
1063 394 1261 475 conspecta

176 506 392 579 monstrabit.
420 509 457 579 ln
474 508 568 580 illius
588 509 697 580 oeulis
716 511 811 600 leges
832 506 926 601 quod
948 528 1012 577 nee
1032 526 1100 598 ego
1118 509 1259 601 possim

175 631 321 717 dictare,
341 654 406 703 nee
424 632 554 704 Cicero.
573 633 667 703 Vale.

316 777 473 845 Mediolani,
489 777 538 832 Ill.
556 777 695 832 Kalendas
710 777 945 848 damnamini
960 776 1029 830 sace.

581 1241 758 1305 EPISTULA
777 1241 846 1304 Xll'.

345 1407 540 1458 Fatuclseus
561 1412 729 1461 Parauaea
749 1413 852 1462 teuto
874 1411 934 1462 SUO
956 1411 981 1460 S.
1005 1413 1031 1460 P.
1055 1412 1084 1458 1).

177 1549 339 1604 Gratulatur
361 1549 421 1603 eius
443 1565 506 1603 cum
530 1551 641 1607 Socrate
666 1555 880 1623 redintegratam
902 1552 1134 1621 familiaritatem,
1155 1553 1263 1624 asperi·

266 1642 350 1691 tatem
364 1636 464 1692 hiemis
476 1641 669 1711 conqueritur:
686 1642 805 1713 denique
822 1659 852 1698 se
869 1642 905 1696 ab
919 1641 996 1696 omni
1010 1655 1126 1695 munere
1140 1639 1264 1696 incuria

266 1725 394 1780 obeundo
408 1743 492 1798 quarn
507 1712 625 1784 maxime
640 1730 800 1785 abhorrere.

276 1980 445 2050 Crescens
457 1982 649 2073 occupatio,
663 1982 890 2052 decrescente
903 1983 984 2063 vita,
1001 1980 1084 2051 facit
1102 1991 1139 2051 ut
1157 1982 1265 2055 solito

181 2102 310 2174 tardior
323 2101 367 2174 ad
381 2101 602 2174 scribendum
616 2104 695 2186 sim,
712 2123 753 2171 ac
766 2124 810 2172 ne
827 2105 914 2173 forte
931 2104 1033 2173 aliam
1053 2102 1264 2194 suspiceris,

179 2224 360 2315 occupatio
383 2227 441 2296 illa
461 2233 563 2295 vetus
585 2224 648 2294 sed
666 2223 809 2307 assidue
830 2224 1043 2317 repullulans
1063 2223 1265 2297 studiorum

179 2370 348 2432 meorum,
372 2349 494 2441 inqua
516 2369 584 2417 uon
607 2347 763 2417 seniliter
783 2358 937 2439 tepeseO,
970 2348 1033 2418 sed
1061 2348 1267 2421 iuveniliter

180 2473 372 2545 inardesco.
394 2472 542 2544 Mirans:
564 2492 642 2540 cum
665 2469 750 2540 mibi
776 2471 893 2543 omnia
917 2469 1059 2542 fastidio
1086 2471 1174 2553 sint,
1203 2472 1267 2545 illa

180 2619 249 2668 una
275 2597 350 2668 sine
372 2595 467 2668 taedii
493 2613 600 2665 seusu
624 2613 717 2666 nova
737 2594 823 2665 mibi
844 2595 877 2664 in
901 2595 978 2667 dies
1005 2590 1268 2666 oblectamenta

181 2718 411 2808 congeminat.
438 2713 547 2789 Hodie
575 2716 724 2805 primum
744 2715 829 2785 milri
850 2717 976 2786 videor
1001 2717 1161 2807 cepisse.
1193 2716 1266 2789 lm·

182 2839 296 2931 pletur
312 2842 357 2912 ad
378 2844 526 2914 litteram
548 2841 584 2909 in
606 2860 661 2909 me
682 2838 777 2930 quod
793 2839 841 2908 ait
859 2839 915 2907 ille
937 2840 992 2908 vir
1010 2839 1166 2932 sapiens:
1185 2861 1266 2913 eum

183 2966 460 3033 consummaverit
476 2966 571 3033 borno
589 2974 667 3031 tarne
685 2962 842 3052 incipiet,
865 2972 896 3029 et
912 2980 986 3028 eum
1004 2964 1163 3050 quieverit
1180 2975 1264 3035 tunc

183 3086 381 3178 operabitur.
400 3085 559 3158 Accessit
579 3083 738 3157 absentia
763 3082 910 3173 longior.
938 3085 1063 3176 Magna
1089 3086 1264 3179 siquidem

183 3218 281 3299 parte
302 3207 436 3279 brumae
458 3209 562 3279 huius
583 3218 619 3279 et
635 3207 768 3278 Patavii
784 3211 819 3277 'et
836 3204 871 3275 in
889 3211 1018 3298 angulo
1030 3209 1262 3297 Venetorum,

185 3339 222 3397 ut
246 3330 333 3400 Livii
351 3330 461 3402 verbo
480 3341 572 3415 utar,
594 3351 726 3401 moram
744 3328 846 3397 traxi.
870 3329 942 3399 Hoc
962 3331 1037 3425 ipso
1056 3331 1113 3403 die
1134 3342 1170 3402 et
1195 3333 1264 3407 bae

184 3453 271 3522 liora
288 3453 521 3525 Mediolanum
544 3453 645 3537 redii,
669 3456 784 3523 lessus
804 3463 838 3522 et
866 3454 979 3524 ventis
1004 3477 1045 3526 ac
1072 3453 1263 3548 frigoribus

184 3574 343 3647 adustus.
362 3578 435 3648 Non
457 3587 538 3648 sunt
556 3576 600 3647 ad
619 3574 845 3648 scribendum
862 3577 1093 3653 instrumenta
1111 3604 1175 3652 nee
1188 3586 1264 3654 ani-

185 3719 286 3778 mus;
320 3699 429 3771 lrebes
462 3701 629 3784 calamus,
662 3707 892 3770 atramentum
919 3700 1078 3789 glaciale,
1106 3727 1262 3800 papyrus

186 3822 367 3913 squallida,
384 3845 510 3895 manus
525 3824 655 3916 rigens,
674 3832 810 3917 tempus
824 3818 1037 3892 intractabile
1053 3826 1128 3895 sine
1139 3849 1263 3898 exem-

185 3947 257 4034 plo,
276 3945 370 4036 quod
388 3968 500 4038 usquc
514 3947 559 4018 ad
577 3948 792 4039 religionem,
816 3953 853 4013 ot
873 3940 1009 4023 dicitur,
1027 3955 1061 4014 et
1081 3946 1261 4021 horrorem

150 4069 156 4081 '
187 4089 328 4137 rcrsum
351 4090 479 4139 annum
503 4072 582 4141 lceit
603 4070 787 4162 insignem.
810 4066 994 4157 Nunquam
1016 4067 1106 4138 enim
1132 4072 1167 4140 in
1189 4095 1261 4141 me-
