2670 4688
525 337 677 387 aarsrona
698 337 794 386 xxxii.
1135 321 1194 383 {llll

129 494 193 553 tam
219 485 334 575 procul
356 480 436 554 inde
456 479 598 563 absum,
622 491 658 551 ut
679 482 884 572 sapientem,
905 479 934 550 si
965 489 1132 565 occurrat,
1151 501 1194 551 ne

127 627 230 676 nosse
254 605 394 699 quidem
420 602 649 695 venerarique
679 603 784 693 digne
804 624 945 695 queam,
968 603 1055 672 meis
1076 601 1193 674 hacle-

126 748 192 796 nus
213 727 470 818 amicorumque
490 725 634 796 lortunis
654 724 851 818 possibilia,
882 726 1012 807 fateor,
1042 734 1077 795 et
1103 726 1194 796 veri-

127 850 250 922 similia
287 850 349 921 sed
390 870 455 919 non
495 847 657 920 inusitata
698 847 854 940 praevidi.
903 843 1069 916 Videbam
1109 867 1194 938 ergo

126 992 217 1042 nunc
240 971 391 1063 gladioS,
416 970 574 1042 videbam
594 968 734 1041 morbos
763 979 798 1039 et
827 988 976 1050 venena,
1010 976 1045 1039 et
1080 969 1194 1039 incur-

127 1114 187 1163 sus
215 1096 380 1177 terarum,
407 1104 442 1165 et
467 1093 661 1183 naufragia,
689 1103 724 1162 et
761 1092 931 1172 incendia,
966 1101 1002 1163 et
1034 1093 1199 1187 laqueos„

126 1227 162 1286 et
183 1215 322 1298 ruinas3
356 1218 482 1286 luctum
505 1217 720 1309 repentinum
755 1216 968 1287 mortiferum
996 1237 1063 1287 non
1096 1215 1193 1285 vide·

127 1336 216 1409 bam.
255 1337 352 1409 Unde
389 1339 474 1410 lacie
508 1360 620 1409 rerum
654 1339 790 1409 insolita
821 1338 1046 1409 vehementer
1076 1347 1195 1409 exter-

127 1459 212 1531 ritus
234 1471 337 1552 atque
360 1449 516 1534 deiectus
537 1482 625 1533 snm.
648 1462 784 1532 Sensim
805 1461 957 1532 animum
979 1463 1135 1533 attollere
1159 1469 1195 1530 et

126 1601 245 1674 sparsa
282 1602 378 1652 arma
417 1582 583 1675 colligere
623 1582 759 1674 incipio.
797 1582 934 1653 Discam
968 1582 1125 1688 cogitare
1160 1593 1195 1653 et

124 1713 310 1798 expectare
330 1707 460 1789 omnia,
491 1715 526 1776 et
557 1708 584 1776 si
614 1705 762 1800 possim,
791 1706 876 1776 nihil
899 1706 1002 1777 valde
1029 1717 1191 1777 metuere.

125 1828 332 1921 lmparatum
353 1839 388 1900 et
408 1828 572 1899 inermem
595 1841 713 1901 nostra
734 1831 886 1901 Fortuna
912 1830 1062 1922 reperit:
1090 1828 1195 1900 lorica

123 1947 280 2019 defuerat
299 1949 357 2019 ubi
374 1950 500 2020 furtiva
520 1952 637 2045 cuspis
654 1951 801 2043 irrepsit.
816 1950 1048 2034 Quamobrem
1066 1952 1195 2021 vulnus

124 2070 189 2142 hoc
220 2072 344 2156 sentio,
379 2082 415 2144 el
442 2074 586 2144 Paulum
613 2095 729 2145 meum
749 2094 926 2166 nunquam
946 2074 1021 2142 sine
1043 2071 1194 2164 suspirio

123 2193 342 2267 recordabor.
365 2197 414 2266 Tu
435 2196 529 2267 vale:
550 2218 629 2267 nam
650 2196 693 2268 de
711 2196 864 2289 reliquis,
882 2203 917 2264 et
935 2196 1130 2288 praeserlim
1149 2191 1193 2266 ad

123 2336 291 2388 summam
312 2317 523 2409 Reipublicae
543 2318 638 2409 quod
661 2319 794 2391 ominer
814 2331 849 2391 et
868 2318 963 2411 qnod
989 2339 1123 2413 sperem
1151 2337 1193 2388 ne

123 2436 189 2507 diei
209 2438 351 2529 quidem
367 2457 456 2530 opus
473 2450 537 2509 est.
560 2440 657 2509 Vale.

264 2580 418 2650 Mediolani,
435 2581 487 2635 XII
503 2581 631 2636 kalendas
646 2582 766 2638 Martias.

621 2789 697 2803 -

498 3022 673 3087 El‘lSTOLn
697 3024 811 3090 xlllll.

351 3180 543 3230 rannursuus
564 3182 732 3232 rnrauacn
752 3184 795 3232 nn
815 3184 966 3235 rnnoruu.

182 3316 217 3371 Se
232 3315 311 3387 culpa
326 3333 421 3372 vacare
436 3318 510 3389 quod
525 3318 627 3390 aliquid
641 3320 670 3373 in
684 3319 821 3375 Ciceronis
837 3327 864 3376 et
879 3323 989 3378 Senecae
1004 3322 1132 3393 operibus

410 3407 622 3478 reprehensione
636 3408 750 3480 dignum
765 3413 911 3466 censuerit.

220 3647 362 3717 llliratur
379 3647 434 3720 ille
454 3650 508 3720 vir
529 3649 666 3736 doctus,
686 3652 748 3723 sed
764 3654 942 3726 docendus
961 3655 1091 3740 adbuc,
1110 3654 1192 3747 quid

122 3769 289 3862 estquod
316 3772 348 3839 in
374 3771 520 3864 epistola
539 3775 688 3866 quadarn
721 3800 831 3872 nuper
857 3779 1022 3848 Senecam
1048 3800 1089 3848 ac
1115 3779 1193 3848 Tul-

125 3894 221 3978 lium,
249 3895 413 3988 quodque
437 3897 632 3969 Christiano
665 3900 805 3992 ingenio
840 3900 955 3971 maius
987 3910 1051 3984 est,
1079 3902 1192 3996 ipsum

123 4037 260 4109 qnoque
280 4017 528 4114 Hieronymum
550 4033 668 4093 notare
685 4043 754 4093 non
776 4023 840 4093 sim
862 4024 1007 4095 veritus.
1030 4024 1189 4095 Ultimum

123 4159 233 4229 nego:
264 4141 308 4213 de
338 4144 479 4237 reliquis
499 4146 667 4218 rationem
695 4168 771 4219 cum
795 4146 852 4218 illo
870 4147 1190 4220 communicandam
