2670 4688
388 261 481 312 niuea
502 263 889 317 crassiana-saisiant
911 269 961 315 xr.
1172 257 1211 319 55

545 544 721 610 epistola
743 546 799 608 XV.

290 730 482 780 aaauclscus
499 729 665 779 Paresaca
687 727 821 778 scortari
843 728 902 779 SUO
923 731 949 778 S.
971 732 998 779 P.
1021 731 1050 779 Ι).

238 889 318 955 Quod
331 889 361 945 iu
375 893 497 944 veterem
510 885 587 943 Laelii
601 886 748 945 amicitiam
763 888 875 944 redierit
889 888 989 963 gaudio
1003 893 1095 961 gestit.

231 1149 450 1234 landudum,
472 1150 519 1219 mi
540 1150 712 1235 Socrates,
733 1159 849 1222 cessat
868 1149 958 1220 iuter
978 1169 1045 1222 uos
1069 1150 1206 1223 vicissi-

137 1271 218 1343 tudo
230 1270 286 1341 illa
299 1270 505 1357 litterarum,
520 1294 685 1364 maguum
697 1271 866 1344 absentie
881 1271 1090 1358 remedium,
1104 1275 1205 1347 cuius

133 1393 338 1465 cessationis
357 1404 392 1466 et
415 1397 595 1488 occupatio
618 1397 800 1488 utriusque
826 1403 999 1480 nostrum,
1025 1407 1061 1468 et
1087 1399 1205 1468 multae

132 1517 220 1588 sorte
240 1517 318 1588 aliae
338 1526 419 1587 sunt
438 1538 568 1589 causae.
590 1518 659 1600 llla,
679 1519 715 1588 ui
734 1520 842 1603 tallcr,
862 1517 1015 1590 omnium
1033 1520 1202 1606 maxima,

131 1638 226 1732 quod
245 1638 387 1710 materia
404 1636 529 1710 deesse
549 1639 668 1735 incipit
686 1639 871 1711 scribendi.
889 1640 1008 1733 Neque
1025 1641 1150 1714 mirum
1170 1643 1205 1714 id

131 1759 231 1831 uobis
256 1760 412 1832 accidere
436 1760 530 1853 quod
558 1761 668 1832 Tullio
701 1761 825 1833 accidit
856 1774 893 1832 et
924 1763 1046 1834 Attico.
1080 1763 1203 1834 Nullos

134 1893 249 1954 tantus
268 1892 324 1954 est
342 1904 500 1965 acervos
522 1882 582 1977 qui
602 1904 674 1956 non¹
690 1884 832 1956 assidue
851 1883 1065 1956 detrahendo
1085 1885 1204 1956 decre—

132 2025 244 2091 scere,
266 2017 301 2077 et
321 2006 355 2076 in
377 2005 520 2077 nihilum
542 2007 629 2078 verti
655 2016 769 2100 queat.
791 2005 967 2098 Quidquid
989 2006 1201 2090 sciebamus,

127 2127 234 2200 eredo
255 2128 321 2200 iam
349 2125 488 2220 iugibus
509 2128 689 2223 scripturis
709 2128 950 2202 exhausimus.
971 2127 1072 2212 Quod
1093 2149 1200 2200 unum

131 2250 232 2323 hodie
254 2273 293 2323 se
314 2251 422 2337 offert,
445 2254 534 2324 iuter
555 2262 588 2322 te
603 2261 639 2323 et
650 2253 815 2338 Laelium,
839 2274 893 2323 me
910 2252 1078 2335 hortante,
1097 2255 1202 2324 retor-

130 2385 257 2445 matam
278 2373 478 2456 amicitiam,
499 2374 587 2444 etin
609 2374 754 2464 gratiam
776 2374 923 2445 reditum
948 2396 1045 2458 esse,
1074 2376 1142 2447 tuis
1167 2386 1202 2448 et

131 2493 205 2562 suis
224 2503 260 2560 et
279 2493 464 2561 multorum
485 2493 608 2563 litteris
632 2494 746 2575 audio,
773 2504 809 2564 et
834 2495 985 2584 gaudeo,
1014 2498 1198 2580 mehercle,

130 2616 242 2708 deque
266 2616 539 2688 reconciliatione
556 2617 621 2688 hae
645 2638 750 2708 quam
775 2614 818 2687 de
844 2619 913 2685 nlla
938 2620 1067 2690 realia
1093 2620 1201 2690 laetior

131 2758 219 2809 sum.
241 2739 335 2810 Beue
352 2736 497 2811 accidit:
518 2739 649 2830 gratias
670 2739 753 2821 Deo,
781 2737 912 2830 gratias
933 2738 1045 2809 vobis.
1068 2740 1128 2810 llle
1149 2741 1200 2810 in-

129 2860 273 2957 spiravit
294 2861 358 2934 hos
378 2861 528 2946 animos,
549 2882 615 2933 vos
636 2861 771 2955 spiritui
793 2859 924 2933 aditum
943 2883 1011 2934 non
1030 2863 1197 2955 negastis.

126 2984 290 3058 Laudatis
308 2983 411 3058 ambo
427 2986 583 3057 certatim
602 2984 720 3056 stilum
738 3005 867 3067 meum,
886 2984 1036 3077 quicum
1059 3008 1197 3079 semper

127 3108 291 3191 incultus,
314 3118 395 3180 tuuc
413 3108 624 3203 improvisus
644 3129 685 3179 ac
709 3107 954 3179 tumultuarios
980 3120 1018 3179 ut
1042 3119 1138 3179 esset
1162 3118 1198 3177 et

126 3229 207 3301 anni
229 3240 380 3323 tempus,
406 3242 442 3303 et
464 3231 534 3304 diei
561 3231 660 3314 hora,
688 3240 723 3302 et
747 3229 857 3301 nuntii
877 3229 1051 3300 festinatio
1071 3249 1196 3320 coege-

126 3360 216 3423 ruut.
244 3350 361 3422 Tantis
388 3362 501 3423 tamen
527 3353 651 3444 plenus
676 3349 855 3423 affectibus
881 3350 1089 3443 pietatisque
1114 3349 1196 3419 laci-

125 3471 192 3545 bus
212 3494 252 3545 ac
273 3471 418 3544 stimulis
438 3475 517 3558 luit,
537 3483 574 3544 ut
587 3472 674 3568 ipse,
693 3473 760 3543 iam
780 3472 934 3555 memini,
948 3473 1061 3543 Deum
1075 3481 1192 3556 testor,

123 3595 214 3667 inter
250 3594 470 3668 scribendum
496 3596 655 3667 lacrimas
682 3617 750 3666 nou
775 3603 940 3668 tenerem.
975 3593 1088 3666 Eratis
1114 3608 1194 3667 ante

124 3719 242 3789 oeulos
268 3737 333 3788 vos
361 3715 445 3801 duo,
479 3728 578 3787 erant
610 3717 710 3790 amici
743 3737 864 3789 omues
897 3728 1016 3788 vestro
1048 3715 1193 3790 dissidio

123 3839 260 3923 deiecti,
274 3848 374 3910 erant
388 3839 638 3932 triumphantes
658 3842 790 3924 aemuli,
813 3850 912 3911 eraut
928 3840 1009 3910 anui
1026 3844 1192 3933 praeteriti

123 3974 217 4037 tanta
231 3963 415 4038 concordia
427 3964 553 4035 exacti.
568 3962 654 4034 Hinc
672 3963 819 4055 impetus
834 3962 995 4056 incompti
1008 3965 1188 4051 sermonis

123 4083 202 4157 hinc
231 4089 381 4160 lacrimae
411 4086 606 4160 scribentis.
641 4085 715 4157 Nou
746 4085 934 4178 ingenium,
971 4109 1039 4159 nou
1073 4087 1186 4172 stilus,
