2834 5086
179 713 238 775 538
400 723 566 774 rnnncrser
588 722 764 773 rnrntnce
786 724 1033 774 rssrnueurutr.

179 887 244 938 nec
260 866 437 960 permittat
453 865 498 937 ad
517 885 660 937 snorum
681 887 806 938 manus
825 866 977 939 hostium
994 865 1187 960 pervenire.
1200 866 1257 939 Ad

179 986 246 1059 hoc
278 997 314 1058 et
344 985 513 1058 auxilinm
539 987 758 1059 Beatissimae
783 987 938 1081 Virginis
959 989 1082 1062 matris
1104 1007 1193 1073 snae,
1220 997 1258 1058 et

179 1106 271 1180 beati
292 1106 471 1179 Michaelis
495 1105 705 1200 Archangeli
727 1120 930 1181 reverenter
953 1120 991 1181 et
1015 1106 1163 1182 fideliter
1190 1108 1254 1178 im·

178 1231 298 1324 ploro;
334 1241 370 1302 et
402 1237 601 1302 sanctornm
637 1230 849 1323 reliquorum
881 1251 971 1324 qnos
996 1231 1257 1309 ‚intercessores

178 1351 269 1444 apud
288 1350 465 1423 Christum
486 1351 652 1423 invocare
672 1372 750 1422 snm
772 1352 895 1445 aptitus
915 1372 957 1424 ac
978 1372 1132 1445 sperare.

277 1472 410 1568 Corpus
432 1485 547 1544 autem
570 1471 637 1544 hoc
656 1482 831 1545 terrenum
859 1495 901 1544 ac
926 1476 1070 1545 mortale
1090 1473 1257 1547 nobilium

178 1616 321 1686 gravem
356 1594 527 1665 sarcinam
553 1593 761 1676 animorum,
797 1603 914 1677 terrae,
951 1594 1043 1666 unde
1068 1596 1135 1667 sibi
1159 1597 1258 1689 origo
1314 1632 1319 1641 ·

177 1728 245 1801 est,
273 1716 354 1789 volo
379 1716 538 1787 restitui:
568 1728 604 1786 et
635 1715 703 1787 hoc
735 1714 869 1809 absque
901 1716 994 1787 onrni
1022 1738 1162 1811 pompa,
1194 1717 1258 1790 sed

89 1884 96 1893 -
177 1861 257 1910 cnm
287 1860 424 1910 summa
454 1837 648 1910 humilitate
667 1837 917 1927 subiectione
936 1848 1066 1931 quanta
1089 1861 1171 1912 esse
1197 1862 1259 1932 po-

180 1971 271 2034 test:
292 1960 341 2032 de
359 1982 432 2053 quo
451 1959 628 2033 haercdem
650 1936 765 2032 meum
787 1971 824 2032 et
843 1960 974 2032 amicos
1004 1980 1128 2032 omnes
1153 1981 1255 2052 rogo,

177 2084 341 2162 obsecro;
366 2095 403 2154 et
432 2081 606 2168 obtestor,
638 2092 676 2154 et
704 2082 830 2155 adiuro
859 2082 1093 2177 perviscera
1121 2083 1259 2154 miscri-

37 2263 41 2270 .
176 2203 307 2276 cordiae
327 2203 388 2274 Dei
410 2176 534 2287 nohtri,
560 2213 597 2275 et
621 2225 683 2296 per
707 2202 888 2274 mutatam
913 2202 944 2274 si
969 2225 1076 2296 quum
1103 2225 1256 2296 unquam

178 2333 222 2406 ad
248 2354 304 2404 me
325 2331 535 2416 hahuerunt,
561 2353 628 2405 nec
652 2332 729 2404 lalsi
757 2333 873 2424 specie
892 2330 1035 2404 honoris
1062 2332 1127 2404 hoc
1147 2331 1260 2423 negli-

177 2467 282 2548 gant;
305 2477 382 2526 cum
406 2455 455 2525 sic
476 2454 618 2526 omnino
637 2477 693 2526 me
713 2453 850 2537 deceat,
872 2475 914 2525 ac
935 2454 986 2525 sic
1005 2455 1136 2525 velim:
1154 2454 1202 2524 itn
1220 2462 1258 2524 ut

178 2578 207 2646 si
237 2579 337 2658 sorte,
368 2576 464 2668 qnod
483 2575 590 2657 absit,
617 2574 890 2658 oontmleoerint,
914 2586 1100 2647 teneantur
1121 2577 1194 2648 Deo
1217 2584 1255 2646 et

178 2695 261 2783 mihi
281 2696 326 2766 de
347 2696 449 2787 gravi
470 2695 653 2787 utriusque
671 2694 804 2766 offensa
827 2695 861 2765 in
886 2695 945 2768 die
969 2695 1087 2768 indicii
1113 2715 1259 2787 respon-

177 2817 272 2890 dere.
295 2817 340 2886 Et
359 2816 425 2887 hoc
450 2813 590 2908 quidem
616 2816 663 2887 de
687 2818 825 2899 tunore,
854 2839 945 2890 nunc
976 2818 1021 2890 de
1053 2818 1257 2909 sepultura:

178 2939 244 3010 hoo
275 2936 396 3008 addito
429 2937 524 3030 quod
555 2959 658 3010 nemo
684 2960 740 3009 rne
760 2938 854 3021 fleat,
876 2962 980 3013 nemo
1000 2940 1061 3011 det
1081 2939 1256 3022 lacrimas.

177 3061 241 3133 sed
262 3082 325 3153 pro
347 3082 402 3130 me
423 3059 562 3131 Christo
582 3082 722 3155 precem
744 3063 859 3152 etqui
885 3071 1000 3153 potest
1025 3061 1151 3131 Christi
1172 3081 1260 3153 pau·

177 3180 318 3276 peribus
345 3182 524 3252 caritatem
551 3204 614 3274 pro
636 3203 691 3253 rne
709 3204 809 3255 orare
829 3183 971 3255 monitis
997 3182 1162 3276 porrigat.
1186 3183 1260 3251 Hoc

177 3304 261 3375 mihi
276 3303 444 3397 prodesse
459 3305 605 3397 poterit:
628 3304 730 3377 fletus
751 3313 866 3375 antem
882 3314 919 3373 et
933 3302 1107 3374 defunctis
1125 3299 1256 3384 inutile,

175 3434 212 3494 et
231 3422 395 3496 ssentihns
415 3438 472 3496 est
488 3424 692 3497 damnosus.
714 3427 765 3496 De
785 3427 861 3495 loco
886 3432 1001 3495 nutem
1023 3442 1092 3491 non
1112 3439 1259 3510 magno·

176 3566 260 3639 pere
280 3567 375 3617 curo.
398 3546 585 3618 Contentor
618 3547 699 3639 poni
729 3544 942 3637 ubicumque
970 3544 1044 3614 Deo
1075 3539 1255 3636 placuerit,

176 3666 284 3738 ethis
302 3665 361 3759 qni
380 3667 471 3738 hanc
488 3689 608 3739 curam
626 3667 807 3759 suscipere
822 3664 1073 3756 dignabuntur.
1087 3660 1123 3731 Si
1143 3659 1258 3731 tamen

176 3788 382 3882 expressius
403 3810 481 3860 mea
507 3789 552 3860 de
579 3788 644 3860 hoc
669 3791 833 3859 voluntns
867 3787 1088 3879 exquiratur,
1120 3780 1258 3875 sepeliri

176 3912 316 3994 vellem,
343 3911 371 3980 si
396 3908 525 3981 Paduae
558 3909 618 3979 rrhi
649 3931 742 3981 nuno
768 3930 845 3979 sum
873 3907 1016 3990 moriar,
1046 3907 1080 3975 in
1110 3902 1258 3976 ecclesia

177 4032 292 4105 Sancti
325 4031 512 4123 Augustini
541 4052 646 4124 quarn
682 4033 807 4101 iratres
841 4025 1090 4120 predicatores
1122 4032 1255 4104 tenent,

177 4156 257 4244 quia
282 4166 317 4227 et
343 4157 440 4226 locus
471 4155 587 4226 nnimo
616 4174 695 4224 meo
727 4160 850 4244 gratus
871 4162 942 4233 est,
963 4159 999 4221 et
1020 4149 1109 4219 iacet
1133 4144 1201 4215 illic
1227 4143 1257 4214 is

176 4277 235 4365 qui
261 4298 315 4347 me
342 4277 528 4370 plurimum
562 4276 707 4357 dilexit3
741 4275 845 4367 inque
868 4274 933 4344 has
954 4281 1066 4342 terras
1092 4269 1158 4361 piis
1180 4287 1259 4359 pre·

176 4396 275 4468 cibus
296 4399 438 4470 attraxit
456 4398 736 4492 praeclarissimae
755 4395 932 4467 memoriae
949 4391 1094 4464 lacobus
1111 4388 1156 4459 de
1174 4388 1258 4458 Car·

179 4519 268 4590 raria
302 4528 383 4590 tunc
415 4522 545 4594 Padum
569 4520 744 4593 dominus.
775 4518 809 4588 Si
837 4527 951 4590 antem
979 4510 1169 4603 Arquadae‚
1200 4509 1256 4581 uhi
