2834 5086
165 612 223 672 ott
505 625 660 675 srrnunnt
683 626 898 678 nrrrnuanun.

164 788 246 838 esse
266 766 449 841 unanimes
462 775 498 838 et
510 765 682 861 pacificas.
698 768 743 839 llt
757 769 921 862 quamvis
941 769 1018 863 ipsa
1038 790 1157 842 rernm
1174 771 1242 843 du-

165 888 288 960 bitatio
318 889 402 960 satis
435 890 577 984 puerilis
609 901 645 961 et
676 891 793 984 inepta
819 892 876 976 sit,
905 902 1021 963 tamen
1039 892 1243 987 disputandi

167 1013 282 1084 studio
313 1023 497 1104 utrumqne
531 1021 666 1105 poterat
698 1014 878 1097 excusari,
912 1014 979 1084 nisi
1000 1015 1115 1086 multis
1136 1036 1244 1107 argn-

167 1136 291 1206 mentis
311 1138 401 1207 nltro
420 1137 577 1228 citroque
599 1136 747 1217 iactatio,
770 1136 872 1228 isqui
886 1137 1040 1207 omnium
1059 1138 1244 1230 sapientis·

168 1259 277 1329 simus
295 1255 500 1342 habebatur,
535 1279 612 1328 cum
633 1259 757 1352 plausu
778 1267 813 1328 et
834 1224 952 1328 lavore
968 1258 1140 1341 omnium,
1168 1260 1244 1329 nul-

168 1380 303 1449 latenus
321 1379 487 1472 expedire
508 1387 680 1450 venenata
700 1375 900 1450 definitione
925 1375 1110 1449 firmasset.
1143 1377 1244 1463 Quod

168 1513 220 1586 tu,
241 1521 379 1593 quaeso,
401 1501 456 1571 vir
476 1499 775 1593 eloquentissime,
796 1500 1052 1593 cumprimum,
1076 1510 1113 1571 ut
1134 1502 1242 1585 soles

167 1623 202 1692 in
216 1619 354 1714 publico
368 1618 559 1714 peroratis,
573 1621 704 1714 Populo
717 1621 874 1693 Romano
887 1621 973 1693 meis
986 1620 1104 1694 verbis
1118 1620 1244 1709 indica,

168 1754 206 1815 ut
224 1741 393 1833 intelligat
411 1762 491 1834 quae
505 1742 574 1812 sint
588 1741 712 1812 horum
726 1718 912 1836 procerum¹
930 1741 975 1814 de
995 1751 1115 1814 nostra
1132 1745 1246 1815 salute

168 1867 366 1948 sententiae,
389 1886 450 1958 per
469 1885 572 1955 quas,
594 1865 660 1934 etsi
681 1864 766 1935 nihil
787 1875 947 1948 noceant,
974 1865 1110 1936 animos
1130 1876 1247 1937 tamen

168 2007 253 2058 suos
272 1996 417 2056 ventosa
439 1986 646 2078 loquacitate
665 1987 850 2078 detegunt,
871 1984 953 2057 dnm
972 1986 1067 2078 quod
1084 1988 1129 2060 de
1145 1985 1246 2058 uobis

169 2107 312 2201 cupiunt
344 2118 412 2177 tam
447 2106 672 2178 vehementer
691 2109 849 2201 cupiunt,
878 2117 916 2178 ut
935 2107 1157 2180 dissimulare
1177 2129 1245 2179 non

168 2230 316 2324 possint,
338 2239 375 2300 et
394 2238 513 2299 votum
541 2227 795 2320 iniquissimum
816 2250 858 2300 ac
879 2228 1006 2301 hostile
1029 2231 1246 2326 propositum

169 2352 325 2422 suumin
346 2349 489 2421 rationis
506 2352 619 2420 locum
650 2350 834 2420 transferre
857 2352 1073 2436 contendunt
1092 2352 1248 2425 eaeoitate

169 2472 381 2565 turpissima.
397 2471 465 2542 Sed
481 2470 546 2565 ipsi
560 2469 700 2563 quidem
714 2471 748 2539 in
764 2471 942 2540 erroribus
956 2456 1029 2541 suis
1044 2474 1245 2545 morientur.

169 2594 240 2664 Nos
262 2594 296 2661 in
314 2590 476 2661 manibus
497 2591 557 2660 Dei
580 2608 720 2673 sumne,
747 2592 932 2661 Fortunam
960 2610 1029 2660 non
1053 2613 1158 2684 quam
1180 2594 1248 2683 ipsi

170 2715 303 2794 volunt,
336 2712 400 2783 sed
430 2733 538 2803 quam
573 2714 648 2804 ipse
682 2711 782 2783 nobis
810 2714 1059 2806 praeparaverit
1085 2712 1245 2785 habituri.

170 2834 244 2905 Non
266 2843 381 2905 tamen
404 2832 707 2905 hisdeliramentis
727 2831 1159 2905 interluiContristassem
1181 2835 1250 2903 lor-

172 2967 268 3028 tasse
284 2956 436 3048 aliquos,
458 2976 524 3026 non
546 2954 638 3025 enim
659 2965 720 3026 aut
744 2955 928 3026 honestum
949 2964 1009 3025 aut
1029 2953 1114 3024 mihi
1135 2954 1249 3047 possi-

172 3080 241 3150 bile
261 3082 295 3150 in
315 3091 383 3150 tam
399 3077 503 3172 impia
517 3077 722 3169 loquacitate
737 3075 910 3148 silentium
924 3076 1057 3148 luisset.
1076 3075 1249 3187 Caeterpm

173 3215 212 3273 ut
231 3223 289 3273 res
307 3202 353 3273 ad
373 3223 429 3271 me
449 3202 581 3294 perlata
600 3209 670 3284 est,
693 3198 893 3290 indignatus
911 3184 1081 3290 grariter:
1108 3208 1144 3268 et
1169 3206 1250 3266 tuno

174 3325 264 3394 inter
284 3332 422 3393 nostros
442 3320 653 3391 contrarium
687 3319 846 3405 definivi,
875 3330 911 3390 et
931 3340 1022 3389 nune
1042 3312 1135 3410 apud
1156 3327 1190 3387 te
1209 3315 1251 3386 li-

174 3442 319 3515 bertatis
338 3453 470 3514 nostrae
495 3442 685 3533 principem
711 3442 1028 3532 quantulacumque
1047 3439 1250 3510 auctoritate

175 3564 316 3648 definio;
336 3575 439 3656 teque
459 3564 661 3648 antealios,
683 3574 718 3633 et
742 3564 935 3635 Romanum
954 3562 1124 3656 Populum
1146 3571 1251 3653 atque

177 3689 376 3759 universam
411 3687 550 3766 ltaliam,
571 3697 608 3757 ut
631 3684 727 3778 quod
758 3706 826 3776 ego
852 3685 970 3756 verbis
1003 3705 1124 3755 assero
1145 3682 1250 3754 rebus

175 3807 375 3902 approbetis
394 3829 455 3901 per
467 3826 589 3877 omnes
607 3805 780 3877 coelicolas
795 3808 943 3899 supplex
959 3827 1038 3877 oro:
1056 3814 1092 3875 et
1108 3805 1142 3873 in
1157 3813 1252 3875 statu

176 3950 343 4022 prospero
359 3929 419 4000 diu
440 3929 541 4000 vivas
570 3939 605 3999 et
635 3926 884 4023 rempublicam
905 3930 1040 4000 fortiter
1071 3925 1250 3999 liberatam

176 4052 320 4123 feliciter
341 4073 444 4143 regas
462 4062 553 4143 opto.

679 4281 755 4289 *-
