2670 4688
317 304 410 354 aloen
431 303 752 364 vrcnslnosounnrus
764 323 804 337 -
814 304 968 354 nrlsrona
990 306 1009 352 l.
1130 290 1190 353 Μ.)

116 449 160 518 Et
180 447 283 519 alibi:

618 582 717 644 Breve
734 586 764 643 et
781 580 979 660 irreparabile
995 588 1116 660 tempus

396 678 545 743 Omnibus
562 686 607 742 est
625 679 711 740 ritae:

115 811 160 880 Et
181 812 329 882 iterum:

274 979 331 1043 Sed
348 979 427 1058 fugit
444 981 575 1057 interea,
593 981 670 1059 lngit
688 980 884 1061 irreparabile
902 986 1032 1061 tempus.

113 1157 181 1224 Vix
204 1156 289 1225 satis
313 1157 429 1245 lugam
456 1154 621 1246 temporis
647 1154 845 1246 exprimere
879 1176 982 1247 posse
1006 1152 1195 1224 videbatur

114 1276 441 1369 irreparabilemque
462 1276 639 1359 iacturam,
661 1276 729 1346 nisi
750 1277 881 1368 saepius
903 1275 1101 1369 repetendo.
1123 1276 1196 1345 Au-

113 1400 249 1471 diebam
271 1398 446 1482 Ovidium,
481 1400 675 1490 cuiusque
701 1398 866 1469 lascivior
898 1400 1013 1482 Musa,
1042 1421 1084 1471 eo
1112 1398 1195 1467 mihi

113 1521 269 1592 severior
297 1520 509 1612 graviorque
542 1520 729 1602 confessio,
764 1529 800 1592 et
832 1521 1065 1615 incorruptius
1100 1520 1193 1591 testi-

113 1643 265 1714 monium
287 1645 363 1714 veri
383 1654 469 1714 erat.
491 1639 635 1713 Dicebat
655 1642 711 1713 ille
732 1652 872 1714 autem:
1177 1626 1183 1637 ’

272 1830 398 1894 Labitur
416 1830 547 1906 occulte,
565 1828 699 1909 fallitque
717 1830 848 1896 volatilis
864 1839 937 1896 aetas

271 1930 307 1992 nt
324 1928 400 1992 nibil
416 1936 460 2011 apt
478 1928 565 1991 annis
582 1929 728 1992 velocius.

114 2089 159 2158 llt
178 2087 245 2157 alio
266 2087 366 2157 loco:

270 2252 419 2330 Tempora
435 2252 593 2328 labuntur,
611 2251 770 2331 tacitisque
786 2252 974 2316 senescimus
991 2253 1092 2327 annis;

352 2352 387 2413 Et
404 2350 524 2427 lugiunt
541 2351 636 2412 lraerro
654 2367 712 2411 non
731 2357 905 2413 remorante
922 2351 996 2414 dies.

112 2493 228 2583 lpsum
248 2512 353 2582 quern
375 2491 448 2562 dixi
470 2491 628 2561 Flaccum
650 2492 858 2563 audiebam:

273 2710 403 2724 .....
426 2661 530 2725 Currit
546 2661 627 2724 enim
646 2662 733 2723 ferox
750 2666 833 2736 aetas,

111 2815 193 2890 dnm
221 2818 266 2890 de
290 2817 522 2890 adolescentia
548 2820 772 2912 loqueretur:
806 2828 842 2890 et
875 2817 999 2891 iterum
1027 2819 1071 2892 de
1097 2823 1191 2927 omni

114 2952 216 3014 aetate
232 2973 238 3013 z

394 3083 498 3144 Elroui
518 3079 661 3161 legaces,'
673 3081 853 3157 Postlrume‚
872 3085 1052 3161 Postlrume,

392 3178 548 3241 Labuntur
565 3179 651 3254 anni,
669 3197 723 3241 nec
739 3179 836 3257 pietas
854 3197 976 3244 morem

429 3274 521 3351 lingis
539 3282 568 3335 et
586 3275 686 3336 istanti
705 3283 833 3340 senecta

361 3392 362 3396 ¹
470 3373 596 3449 Alleret,
614 3374 830 3453 indomitaeque
847 3376 950 3437 morli.

111 3482 156 3551 Et
176 3481 323 3550 iterum:

270 3646 345 3710 Vitae
360 3661 480 3708 summa
496 3646 601 3710 brevis
616 3628 700 3724 spem
714 3663 770 3710 nos
785 3653 866 3709 volat
884 3648 1027 3710 inchoare
1044 3648 1175 3728 longam.

111 3783 155 3852 Et
176 3802 322 3853 rursus:

788 3939 883 4016 spatio
901 3938 988 4000 brevi

269 4040 357 4131 §piem
381 4037 499 4115 lonpmn
522 4051 658 4099 reseces:
676 4037 750 4099 (luna
768 4038 925 4116 loquimur
943 4039 1055 4118 ingerit
1073 4040 1173 4105 invida

268 4135 363 4197 ,eram
