<?xml version="1.0" encoding="UTF-8"?>
<!DOCTYPE html PUBLIC "-//W3C//DTD XHTML 1.0 Transitional//EN"
    "http://www.w3.org/TR/xhtml1/DTD/xhtml1-transitional.dtd">
<html xmlns="http://www.w3.org/1999/xhtml" xml:lang="en" lang="en">
 <head>
  <title>
</title>
<meta http-equiv="Content-Type" content="text/html;charset=utf-8" />
  <meta name='ocr-system' content='tesseract 3.04.00' />
  <meta name='ocr-capabilities' content='ocr_page ocr_carea ocr_par ocr_line ocrx_word'/>
</head>
<body>
  <div class='ocr_page' id='page_1' title='image "./epistolaederebu01fracgoog_0156.png"; bbox 0 0 2670 4688; ppageno 0'>
   <div class='ocr_carea' id='block_1_1' title="bbox 180 314 924 374">
    <p class='ocr_par' dir='ltr' id='par_1_1' title="bbox 180 314 924 374">
     <span class='ocr_line' id='line_1_1' title="bbox 180 314 924 374; baseline -0.004 -2"><span class='ocrx_word' id='word_1_1' title='bbox 180 314 238 374; x_wconf 77' lang='lat' dir='ltr'><strong>llo·</strong></span> <span class='ocrx_word' id='word_1_2' title='bbox 519 323 560 371; x_wconf 84' lang='lat' dir='ltr'><strong>ns</strong></span> <span class='ocrx_word' id='word_1_3' title='bbox 580 322 681 371; x_wconf 80' lang='lat' dir='ltr'><strong>ussus</strong></span> <span class='ocrx_word' id='word_1_4' title='bbox 703 319 924 371; x_wconf 77' lang='lat' dir='ltr'><strong>rtuntsnntus</strong></span> 
     </span>
    </p>
   </div>
   <div class='ocr_carea' id='block_1_2' title="bbox 96 460 1272 3962">
    <p class='ocr_par' dir='ltr' id='par_1_2' title="bbox 96 460 1272 3962">
     <span class='ocr_line' id='line_1_2' title="bbox 181 460 1272 555; baseline -0.005 -16"><span class='ocrx_word' id='word_1_5' title='bbox 181 470 241 540; x_wconf 82' lang='lat' dir='ltr'><strong>ris.</strong></span> <span class='ocrx_word' id='word_1_6' title='bbox 267 466 357 551; x_wconf 89' lang='lat' dir='ltr'><strong>Quid</strong></span> <span class='ocrx_word' id='word_1_7' title='bbox 381 488 504 537; x_wconf 88' lang='lat' dir='ltr'><strong>verum</strong></span> <span class='ocrx_word' id='word_1_8' title='bbox 532 464 665 537; x_wconf 82' lang='lat' dir='ltr'><strong>inficior</strong></span> <span class='ocrx_word' id='word_1_9' title='bbox 691 476 724 535; x_wconf 84' lang='lat' dir='ltr'><strong>et</strong></span> <span class='ocrx_word' id='word_1_10' title='bbox 751 485 819 533; x_wconf 90' lang='lat' dir='ltr'><strong>non</strong></span> <span class='ocrx_word' id='word_1_11' title='bbox 845 462 961 555; x_wconf 90' lang='lat' dir='ltr'><strong>potius</strong></span> <span class='ocrx_word' id='word_1_12' title='bbox 985 482 1066 534; x_wconf 89' lang='lat' dir='ltr'><strong>curn</strong></span> <span class='ocrx_word' id='word_1_13' title='bbox 1093 460 1272 535; x_wconf 81' lang='lat' dir='ltr'><strong>Cicerone</strong></span> 
     </span>
     <span class='ocr_line' id='line_1_3' title="bbox 180 582 1269 685; baseline -0.007 -22"><span class='ocrx_word' id='word_1_14' title='bbox 180 589 346 663; x_wconf 89' lang='lat' dir='ltr'><strong>confitear</strong></span> <span class='ocrx_word' id='word_1_15' title='bbox 366 610 434 680; x_wconf 90' lang='lat' dir='ltr'><strong>qua</strong></span> <span class='ocrx_word' id='word_1_16' title='bbox 456 586 598 685; x_wconf 89' lang='lat' dir='ltr'><strong>mollitie</strong></span> <span class='ocrx_word' id='word_1_17' title='bbox 618 608 694 656; x_wconf 90' lang='lat' dir='ltr'><strong>sum</strong></span> <span class='ocrx_word' id='word_1_18' title='bbox 713 585 818 658; x_wconf 91' lang='lat' dir='ltr'><strong>animi</strong></span> <span class='ocrx_word' id='word_1_19' title='bbox 837 607 878 656; x_wconf 88' lang='lat' dir='ltr'><strong>ac</strong></span> <span class='ocrx_word' id='word_1_20' title='bbox 894 584 1058 655; x_wconf 73' lang='lat' dir='ltr'><strong>lenitate?</strong></span> <span class='ocrx_word' id='word_1_21' title='bbox 1073 582 1269 675; x_wconf 81' lang='lat' dir='ltr'><strong>Nunquam</strong></span> 
     </span>
     <span class='ocr_line' id='line_1_4' title="bbox 180 707 1268 803; baseline -0.007 -19"><span class='ocrx_word' id='word_1_22' title='bbox 180 715 271 784; x_wconf 91' lang='lat' dir='ltr'><strong>illius</strong></span> <span class='ocrx_word' id='word_1_23' title='bbox 298 711 449 783; x_wconf 80' lang='lat' dir='ltr'><strong>lacrimis</strong></span> <span class='ocrx_word' id='word_1_24' title='bbox 473 731 516 781; x_wconf 89' lang='lat' dir='ltr'><strong>ac</strong></span> <span class='ocrx_word' id='word_1_25' title='bbox 541 709 705 803; x_wconf 78' lang='lat' dir='ltr'><strong>precibus</strong></span> <span class='ocrx_word' id='word_1_26' title='bbox 731 709 947 780; x_wconf 77' lang='lat' dir='ltr'><strong>restitissem.</strong></span> <span class='ocrx_word' id='word_1_27' title='bbox 977 707 1034 778; x_wconf 89' lang='lat' dir='ltr'><strong>Sic</strong></span> <span class='ocrx_word' id='word_1_28' title='bbox 1058 717 1115 778; x_wconf 89' lang='lat' dir='ltr'><strong>est</strong></span> <span class='ocrx_word' id='word_1_29' title='bbox 1138 708 1268 778; x_wconf 82' lang='lat' dir='ltr'><strong>fateor.</strong></span> 
     </span>
     <span class='ocr_line' id='line_1_5' title="bbox 180 829 1268 926; baseline -0.002 -21"><span class='ocrx_word' id='word_1_30' title='bbox 180 837 240 906; x_wconf 93' lang='lat' dir='ltr'><strong>lllo</strong></span> <span class='ocrx_word' id='word_1_31' title='bbox 260 836 351 907; x_wconf 89' lang='lat' dir='ltr'><strong>enim</strong></span> <span class='ocrx_word' id='word_1_32' title='bbox 365 836 528 926; x_wconf 78' lang='lat' dir='ltr'><strong>loquente</strong></span> <span class='ocrx_word' id='word_1_33' title='bbox 543 831 732 904; x_wconf 79' lang='lat' dir='ltr'><strong>sentiebam</strong></span> <span class='ocrx_word' id='word_1_34' title='bbox 748 831 866 903; x_wconf 89' lang='lat' dir='ltr'><strong>nescio</strong></span> <span class='ocrx_word' id='word_1_35' title='bbox 882 829 968 923; x_wconf 92' lang='lat' dir='ltr'><strong>quid</strong></span> <span class='ocrx_word' id='word_1_36' title='bbox 979 841 1139 902; x_wconf 91' lang='lat' dir='ltr'><strong>tenerum</strong></span> <span class='ocrx_word' id='word_1_37' title='bbox 1158 841 1268 924; x_wconf 85' lang='lat' dir='ltr'><strong>atque</strong></span> 
     </span>
     <span class='ocr_line' id='line_1_6' title="bbox 179 951 1267 1049; baseline -0.004 -21"><span class='ocrx_word' id='word_1_38' title='bbox 179 959 365 1029; x_wconf 82' lang='lat' dir='ltr'><strong>femineum</strong></span> <span class='ocrx_word' id='word_1_39' title='bbox 387 956 552 1028; x_wconf 83' lang='lat' dir='ltr'><strong>oberrare</strong></span> <span class='ocrx_word' id='word_1_40' title='bbox 571 954 787 1047; x_wconf 81' lang='lat' dir='ltr'><strong>praecordiis,</strong></span> <span class='ocrx_word' id='word_1_41' title='bbox 811 974 1003 1049; x_wconf 88' lang='lat' dir='ltr'><strong>parumque</strong></span> <span class='ocrx_word' id='word_1_42' title='bbox 1027 951 1153 1024; x_wconf 86' lang='lat' dir='ltr'><strong>aberat</strong></span> <span class='ocrx_word' id='word_1_43' title='bbox 1179 954 1267 1047; x_wconf 91' lang='lat' dir='ltr'><strong>quin</strong></span> 
     </span>
     <span class='ocr_line' id='line_1_7' title="bbox 179 1075 1265 1171; baseline -0.001 -22"><span class='ocrx_word' id='word_1_44' title='bbox 179 1077 324 1171; x_wconf 87' lang='lat' dir='ltr'><strong>supplici</strong></span> <span class='ocrx_word' id='word_1_45' title='bbox 344 1099 423 1149; x_wconf 87' lang='lat' dir='ltr'><strong>meo</strong></span> <span class='ocrx_word' id='word_1_46' title='bbox 443 1078 710 1161; x_wconf 87' lang='lat' dir='ltr'><strong>collacrimarer,</strong></span> <span class='ocrx_word' id='word_1_47' title='bbox 724 1086 760 1148; x_wconf 90' lang='lat' dir='ltr'><strong>et</strong></span> <span class='ocrx_word' id='word_1_48' title='bbox 774 1075 851 1170; x_wconf 85' lang='lat' dir='ltr'><strong>ipse</strong></span> <span class='ocrx_word' id='word_1_49' title='bbox 868 1097 1053 1168; x_wconf 80' lang='lat' dir='ltr'><strong>personam</strong></span> <span class='ocrx_word' id='word_1_50' title='bbox 1076 1076 1265 1148; x_wconf 84' lang='lat' dir='ltr'><strong>offensoris</strong></span> 
     </span>
     <span class='ocr_line' id='line_1_8' title="bbox 180 1197 1264 1292; baseline -0.003 -21"><span class='ocrx_word' id='word_1_51' title='bbox 180 1223 222 1271; x_wconf 87' lang='lat' dir='ltr'><strong>ac</strong></span> <span class='ocrx_word' id='word_1_52' title='bbox 246 1201 484 1292; x_wconf 85' lang='lat' dir='ltr'><strong>deprecatoris</strong></span> <span class='ocrx_word' id='word_1_53' title='bbox 511 1198 701 1270; x_wconf 86' lang='lat' dir='ltr'><strong>induerem.</strong></span> <span class='ocrx_word' id='word_1_54' title='bbox 730 1200 798 1270; x_wconf 87' lang='lat' dir='ltr'><strong>Sed</strong></span> <span class='ocrx_word' id='word_1_55' title='bbox 823 1197 908 1269; x_wconf 93' lang='lat' dir='ltr'><strong>dum</strong></span> <span class='ocrx_word' id='word_1_56' title='bbox 935 1197 1019 1268; x_wconf 93' lang='lat' dir='ltr'><strong>illud</strong></span> <span class='ocrx_word' id='word_1_57' title='bbox 1043 1197 1078 1267; x_wconf 94' lang='lat' dir='ltr'><strong>in</strong></span> <span class='ocrx_word' id='word_1_58' title='bbox 1104 1197 1264 1269; x_wconf 91' lang='lat' dir='ltr'><strong>animum</strong></span> 
     </span>
     <span class='ocr_line' id='line_1_9' title="bbox 96 1317 1263 1424; baseline -0.002 -33"><span class='ocrx_word' id='word_1_59' title='bbox 96 1417 100 1424; x_wconf 25' lang='grc' dir='ltr'>Ι</span> <span class='ocrx_word' id='word_1_60' title='bbox 178 1321 354 1403; x_wconf 86' lang='lat' dir='ltr'><strong>veniebat;</strong></span> <span class='ocrx_word' id='word_1_61' title='bbox 368 1321 528 1412; x_wconf 92' lang='lat' dir='ltr'><strong>quisnam</strong></span> <span class='ocrx_word' id='word_1_62' title='bbox 542 1330 597 1390; x_wconf 91' lang='lat' dir='ltr'><strong>est</strong></span> <span class='ocrx_word' id='word_1_63' title='bbox 615 1319 680 1391; x_wconf 89' lang='lat' dir='ltr'><strong>iste</strong></span> <span class='ocrx_word' id='word_1_64' title='bbox 697 1321 755 1412; x_wconf 92' lang='lat' dir='ltr'><strong>qui</strong></span> <span class='ocrx_word' id='word_1_65' title='bbox 770 1331 884 1391; x_wconf 88' lang='lat' dir='ltr'><strong>tecum</strong></span> <span class='ocrx_word' id='word_1_66' title='bbox 899 1319 1065 1410; x_wconf 90' lang='lat' dir='ltr'><strong>loquitur,</strong></span> <span class='ocrx_word' id='word_1_67' title='bbox 1079 1317 1167 1412; x_wconf 89' lang='lat' dir='ltr'><strong>quid</strong></span> <span class='ocrx_word' id='word_1_68' title='bbox 1179 1321 1263 1412; x_wconf 78' lang='lat' dir='ltr'><strong>egit,</strong></span> 
     </span>
     <span class='ocr_line' id='line_1_10' title="bbox 179 1440 1266 1536; baseline 0.001 -22"><span class='ocrx_word' id='word_1_69' title='bbox 179 1443 264 1536; x_wconf 89' lang='lat' dir='ltr'><strong>quid</strong></span> <span class='ocrx_word' id='word_1_70' title='bbox 282 1441 408 1525; x_wconf 89' lang='lat' dir='ltr'><strong>voluit,</strong></span> <span class='ocrx_word' id='word_1_71' title='bbox 430 1440 513 1531; x_wconf 94' lang='lat' dir='ltr'><strong>quid</strong></span> <span class='ocrx_word' id='word_1_72' title='bbox 534 1443 681 1533; x_wconf 87' lang='lat' dir='ltr'><strong>optavit,</strong></span> <span class='ocrx_word' id='word_1_73' title='bbox 704 1441 789 1534; x_wconf 86' lang='lat' dir='ltr'><strong>quid</strong></span> <span class='ocrx_word' id='word_1_74' title='bbox 808 1440 949 1513; x_wconf 90' lang='lat' dir='ltr'><strong>molitus</strong></span> <span class='ocrx_word' id='word_1_75' title='bbox 968 1453 1035 1522; x_wconf 89' lang='lat' dir='ltr'><strong>est,</strong></span> <span class='ocrx_word' id='word_1_76' title='bbox 1054 1442 1141 1534; x_wconf 90' lang='lat' dir='ltr'><strong>quid</strong></span> <span class='ocrx_word' id='word_1_77' title='bbox 1160 1464 1266 1536; x_wconf 86' lang='lat' dir='ltr'><strong>pere·</strong></span> 
     </span>
     <span class='ocr_line' id='line_1_11' title="bbox 179 1561 1262 1654; baseline 0.003 -20"><span class='ocrx_word' id='word_1_78' title='bbox 179 1567 291 1654; x_wconf 76' lang='lat' dir='ltr'><strong>gisset</strong></span> <span class='ocrx_word' id='word_1_79' title='bbox 324 1561 382 1633; x_wconf 90' lang='lat' dir='ltr'><strong>ubi</strong></span> <span class='ocrx_word' id='word_1_80' title='bbox 414 1561 567 1633; x_wconf 89' lang='lat' dir='ltr'><strong>consiliis</strong></span> <span class='ocrx_word' id='word_1_81' title='bbox 601 1564 778 1635; x_wconf 86' lang='lat' dir='ltr'><strong>sceleratis</strong></span> <span class='ocrx_word' id='word_1_82' title='bbox 809 1586 993 1636; x_wconf 88' lang='lat' dir='ltr'><strong>occursum</strong></span> <span class='ocrx_word' id='word_1_83' title='bbox 1026 1584 1095 1635; x_wconf 90' lang='lat' dir='ltr'><strong>nou</strong></span> <span class='ocrx_word' id='word_1_84' title='bbox 1121 1565 1262 1650; x_wconf 82' lang='lat' dir='ltr'><strong>luisset,</strong></span> 
     </span>
     <span class='ocr_line' id='line_1_12' title="bbox 180 1684 1264 1779; baseline 0.005 -23"><span class='ocrx_word' id='word_1_85' title='bbox 180 1706 285 1777; x_wconf 90' lang='lat' dir='ltr'><strong>quam</strong></span> <span class='ocrx_word' id='word_1_86' title='bbox 312 1685 495 1756; x_wconf 91' lang='lat' dir='ltr'><strong>multorum</strong></span> <span class='ocrx_word' id='word_1_87' title='bbox 523 1684 658 1756; x_wconf 86' lang='lat' dir='ltr'><strong>iniuriae</strong></span> <span class='ocrx_word' id='word_1_88' title='bbox 685 1707 724 1756; x_wconf 89' lang='lat' dir='ltr'><strong>se</strong></span> <span class='ocrx_word' id='word_1_89' title='bbox 750 1685 907 1770; x_wconf 84' lang='lat' dir='ltr'><strong>miscuit,</strong></span> <span class='ocrx_word' id='word_1_90' title='bbox 935 1708 1040 1779; x_wconf 86' lang='lat' dir='ltr'><strong>quam</strong></span> <span class='ocrx_word' id='word_1_91' title='bbox 1067 1686 1154 1757; x_wconf 92' lang='lat' dir='ltr'><strong>nibil</strong></span> <span class='ocrx_word' id='word_1_92' title='bbox 1180 1708 1264 1761; x_wconf 85' lang='lat' dir='ltr'><strong>eum</strong></span> 
     </span>
     <span class='ocr_line' id='line_1_13' title="bbox 179 1794 1262 1902; baseline 0.001 -22"><span class='ocrx_word' id='word_1_93' title='bbox 179 1807 338 1899; x_wconf 88' lang='lat' dir='ltr'><strong>poeuitet,</strong></span> <span class='ocrx_word' id='word_1_94' title='bbox 362 1805 447 1878; x_wconf 92' lang='lat' dir='ltr'><strong>nibil</strong></span> <span class='ocrx_word' id='word_1_95' title='bbox 469 1805 593 1898; x_wconf 87' lang='lat' dir='ltr'><strong>pudet,</strong></span> <span class='ocrx_word' id='word_1_96' title='bbox 615 1806 698 1875; x_wconf 92' lang='lat' dir='ltr'><strong>nibil</strong></span> <span class='ocrx_word' id='word_1_97' title='bbox 719 1809 859 1878; x_wconf 89' lang='lat' dir='ltr'><strong>omnino</strong></span> <span class='ocrx_word' id='word_1_98' title='bbox 877 1817 1004 1901; x_wconf 86' lang='lat' dir='ltr'><strong>practer</strong></span> <span class='ocrx_word' id='word_1_99' title='bbox 1021 1794 1262 1902; x_wconf 85' lang='lat' dir='ltr'><strong>impotentiam</strong></span> 
     </span>
     <span class='ocr_line' id='line_1_14' title="bbox 179 1926 1265 2023; baseline -0.001 -22"><span class='ocrx_word' id='word_1_100' title='bbox 179 1928 359 2001; x_wconf 90' lang='lat' dir='ltr'><strong>conatibus</strong></span> <span class='ocrx_word' id='word_1_101' title='bbox 384 1927 497 2023; x_wconf 89' lang='lat' dir='ltr'><strong>impiis</strong></span> <span class='ocrx_word' id='word_1_102' title='bbox 524 1949 616 1997; x_wconf 91' lang='lat' dir='ltr'><strong>nuuc</strong></span> <span class='ocrx_word' id='word_1_103' title='bbox 641 1927 745 1999; x_wconf 89' lang='lat' dir='ltr'><strong>etiam</strong></span> <span class='ocrx_word' id='word_1_104' title='bbox 772 1928 901 2013; x_wconf 83' lang='lat' dir='ltr'><strong>obstat,</strong></span> <span class='ocrx_word' id='word_1_105' title='bbox 929 1950 1035 2022; x_wconf 88' lang='lat' dir='ltr'><strong>quam</strong></span> <span class='ocrx_word' id='word_1_106' title='bbox 1060 1926 1156 2001; x_wconf 73' lang='lat' dir='ltr'><strong>fictae</strong></span> <span class='ocrx_word' id='word_1_107' title='bbox 1181 1940 1265 2003; x_wconf 86' lang='lat' dir='ltr'><strong>sunt</strong></span> 
     </span>
     <span class='ocr_line' id='line_1_15' title="bbox 180 2048 1264 2145; baseline 0 -24"><span class='ocrx_word' id='word_1_108' title='bbox 180 2053 238 2122; x_wconf 82' lang='lat' dir='ltr'><strong>liae</strong></span> <span class='ocrx_word' id='word_1_109' title='bbox 267 2049 434 2131; x_wconf 81' lang='lat' dir='ltr'><strong>lacrimas,</strong></span> <span class='ocrx_word' id='word_1_110' title='bbox 469 2048 641 2119; x_wconf 82' lang='lat' dir='ltr'><strong>simulatae</strong></span> <span class='ocrx_word' id='word_1_111' title='bbox 659 2048 848 2134; x_wconf 89' lang='lat' dir='ltr'><strong>blanditiae,</strong></span> <span class='ocrx_word' id='word_1_112' title='bbox 875 2063 1005 2124; x_wconf 84' lang='lat' dir='ltr'><strong>coactae</strong></span> <span class='ocrx_word' id='word_1_113' title='bbox 1031 2070 1174 2142; x_wconf 87' lang='lat' dir='ltr'><strong>preces,</strong></span> <span class='ocrx_word' id='word_1_114' title='bbox 1197 2052 1264 2145; x_wconf 81' lang='lat' dir='ltr'><strong>qui</strong></span> 
     </span>
     <span class='ocr_line' id='line_1_16' title="bbox 179 2170 1267 2266; baseline 0.006 -26"><span class='ocrx_word' id='word_1_115' title='bbox 179 2172 338 2262; x_wconf 87' lang='lat' dir='ltr'><strong>spiritus,</strong></span> <span class='ocrx_word' id='word_1_116' title='bbox 365 2191 446 2261; x_wconf 88' lang='lat' dir='ltr'><strong>quae</strong></span> <span class='ocrx_word' id='word_1_117' title='bbox 468 2190 568 2240; x_wconf 89' lang='lat' dir='ltr'><strong>mens</strong></span> <span class='ocrx_word' id='word_1_118' title='bbox 589 2170 634 2240; x_wconf 94' lang='lat' dir='ltr'><strong>illi</strong></span> <span class='ocrx_word' id='word_1_119' title='bbox 657 2181 725 2255; x_wconf 91' lang='lat' dir='ltr'><strong>est,</strong></span> <span class='ocrx_word' id='word_1_120' title='bbox 747 2172 807 2263; x_wconf 87' lang='lat' dir='ltr'><strong>qui</strong></span> <span class='ocrx_word' id='word_1_121' title='bbox 826 2175 928 2266; x_wconf 90' lang='lat' dir='ltr'><strong>lupus</strong></span> <span class='ocrx_word' id='word_1_122' title='bbox 948 2173 983 2243; x_wconf 91' lang='lat' dir='ltr'><strong>in</strong></span> <span class='ocrx_word' id='word_1_123' title='bbox 1006 2172 1073 2243; x_wconf 90' lang='lat' dir='ltr'><strong>boc</strong></span> <span class='ocrx_word' id='word_1_124' title='bbox 1097 2192 1196 2263; x_wconf 80' lang='lat' dir='ltr'><strong>agno</strong></span> <span class='ocrx_word' id='word_1_125' title='bbox 1216 2175 1267 2246; x_wconf 90' lang='lat' dir='ltr'><strong>la-</strong></span> 
     </span>
     <span class='ocr_line' id='line_1_17' title="bbox 178 2291 1266 2384; baseline 0.004 -22"><span class='ocrx_word' id='word_1_126' title='bbox 178 2303 242 2374; x_wconf 87' lang='lat' dir='ltr'><strong>tet;</strong></span> <span class='ocrx_word' id='word_1_127' title='bbox 265 2291 340 2362; x_wconf 88' lang='lat' dir='ltr'><strong>baec</strong></span> <span class='ocrx_word' id='word_1_128' title='bbox 361 2312 422 2384; x_wconf 87' lang='lat' dir='ltr'><strong>per</strong></span> <span class='ocrx_word' id='word_1_129' title='bbox 443 2311 482 2361; x_wconf 86' lang='lat' dir='ltr'><strong>se</strong></span> <span class='ocrx_word' id='word_1_130' title='bbox 504 2291 641 2383; x_wconf 74' lang='lat' dir='ltr'><strong>singula</strong></span> <span class='ocrx_word' id='word_1_131' title='bbox 658 2294 813 2384; x_wconf 80' lang='lat' dir='ltr'><strong>cogitans</strong></span> <span class='ocrx_word' id='word_1_132' title='bbox 831 2293 1099 2366; x_wconf 85' lang='lat' dir='ltr'><strong>indurescebam</strong></span> <span class='ocrx_word' id='word_1_133' title='bbox 1117 2294 1266 2379; x_wconf 88' lang='lat' dir='ltr'><strong>sensim,</strong></span> 
     </span>
     <span class='ocr_line' id='line_1_18' title="bbox 177 2412 1268 2508; baseline 0.005 -25"><span class='ocrx_word' id='word_1_134' title='bbox 177 2423 214 2483; x_wconf 87' lang='lat' dir='ltr'><strong>et</strong></span> <span class='ocrx_word' id='word_1_135' title='bbox 234 2413 269 2482; x_wconf 91' lang='lat' dir='ltr'><strong>in</strong></span> <span class='ocrx_word' id='word_1_136' title='bbox 291 2412 422 2484; x_wconf 86' lang='lat' dir='ltr'><strong>silicem</strong></span> <span class='ocrx_word' id='word_1_137' title='bbox 436 2425 541 2508; x_wconf 89' lang='lat' dir='ltr'><strong>atque</strong></span> <span class='ocrx_word' id='word_1_138' title='bbox 554 2414 737 2488; x_wconf 87' lang='lat' dir='ltr'><strong>adamanta</strong></span> <span class='ocrx_word' id='word_1_139' title='bbox 750 2415 922 2490; x_wconf 86' lang='lat' dir='ltr'><strong>vertebar.</strong></span> <span class='ocrx_word' id='word_1_140' title='bbox 938 2416 1030 2501; x_wconf 84' lang='lat' dir='ltr'><strong>Quid</strong></span> <span class='ocrx_word' id='word_1_141' title='bbox 1046 2415 1187 2487; x_wconf 79' lang='lat' dir='ltr'><strong>credis?</strong></span> <span class='ocrx_word' id='word_1_142' title='bbox 1200 2416 1268 2489; x_wconf 85' lang='lat' dir='ltr'><strong>Po·</strong></span> 
     </span>
     <span class='ocr_line' id='line_1_19' title="bbox 180 2536 1269 2635; baseline 0.009 -31"><span class='ocrx_word' id='word_1_143' title='bbox 180 2546 289 2607; x_wconf 89' lang='lat' dir='ltr'><strong>teram</strong></span> <span class='ocrx_word' id='word_1_144' title='bbox 311 2536 415 2608; x_wconf 89' lang='lat' dir='ltr'><strong>bomo</strong></span> <span class='ocrx_word' id='word_1_145' title='bbox 436 2539 534 2624; x_wconf 87' lang='lat' dir='ltr'><strong>alter,</strong></span> <span class='ocrx_word' id='word_1_146' title='bbox 561 2553 597 2611; x_wconf 91' lang='lat' dir='ltr'><strong>et</strong></span> <span class='ocrx_word' id='word_1_147' title='bbox 620 2540 695 2635; x_wconf 90' lang='lat' dir='ltr'><strong>ipse</strong></span> <span class='ocrx_word' id='word_1_148' title='bbox 722 2540 804 2611; x_wconf 90' lang='lat' dir='ltr'><strong>mihi</strong></span> <span class='ocrx_word' id='word_1_149' title='bbox 832 2539 1087 2613; x_wconf 92' lang='lat' dir='ltr'><strong>dissimillimus</strong></span> <span class='ocrx_word' id='word_1_150' title='bbox 1111 2538 1183 2610; x_wconf 92' lang='lat' dir='ltr'><strong>iam</strong></span> <span class='ocrx_word' id='word_1_151' title='bbox 1214 2541 1269 2613; x_wconf 86' lang='lat' dir='ltr'><strong>vi-</strong></span> 
     </span>
     <span class='ocr_line' id='line_1_20' title="bbox 177 2656 1270 2758; baseline 0.008 -30"><span class='ocrx_word' id='word_1_152' title='bbox 177 2656 264 2728; x_wconf 87' lang='lat' dir='ltr'><strong>deri.</strong></span> <span class='ocrx_word' id='word_1_153' title='bbox 286 2659 432 2734; x_wconf 87' lang='lat' dir='ltr'><strong>lubebat</strong></span> <span class='ocrx_word' id='word_1_154' title='bbox 452 2656 539 2734; x_wconf 85' lang='lat' dir='ltr'><strong>ratio</strong></span> <span class='ocrx_word' id='word_1_155' title='bbox 559 2665 697 2735; x_wconf 90' lang='lat' dir='ltr'><strong>veniam</strong></span> <span class='ocrx_word' id='word_1_156' title='bbox 719 2663 872 2758; x_wconf 88' lang='lat' dir='ltr'><strong>pessimo</strong></span> <span class='ocrx_word' id='word_1_157' title='bbox 893 2662 1023 2733; x_wconf 93' lang='lat' dir='ltr'><strong>bomini</strong></span> <span class='ocrx_word' id='word_1_158' title='bbox 1045 2662 1204 2752; x_wconf 58' lang='lat' dir='ltr'><strong>negares</strong></span> <span class='ocrx_word' id='word_1_159' title='bbox 1217 2665 1270 2736; x_wconf 83' lang='lat' dir='ltr'><strong>si-</strong></span> 
     </span>
     <span class='ocr_line' id='line_1_21' title="bbox 178 2779 1267 2877; baseline 0.007 -27"><span class='ocrx_word' id='word_1_160' title='bbox 178 2779 317 2873; x_wconf 85' lang='lat' dir='ltr'><strong>quidem</strong></span> <span class='ocrx_word' id='word_1_161' title='bbox 341 2783 542 2872; x_wconf 78' lang='lat' dir='ltr'><strong>indulgendi</strong></span> <span class='ocrx_word' id='word_1_162' title='bbox 564 2785 709 2856; x_wconf 77' lang='lat' dir='ltr'><strong>facilitas</strong></span> <span class='ocrx_word' id='word_1_163' title='bbox 730 2785 842 2854; x_wconf 90' lang='lat' dir='ltr'><strong>bonos</strong></span> <span class='ocrx_word' id='word_1_164' title='bbox 862 2783 954 2864; x_wconf 90' lang='lat' dir='ltr'><strong>lenit,</strong></span> <span class='ocrx_word' id='word_1_165' title='bbox 973 2785 1083 2854; x_wconf 91' lang='lat' dir='ltr'><strong>malos</strong></span> <span class='ocrx_word' id='word_1_166' title='bbox 1099 2798 1267 2877; x_wconf 83' lang='lat' dir='ltr'><strong>asperat:</strong></span> 
     </span>
     <span class='ocr_line' id='line_1_22' title="bbox 178 2902 1269 2998; baseline 0.007 -24"><span class='ocrx_word' id='word_1_167' title='bbox 178 2911 215 2974; x_wconf 89' lang='lat' dir='ltr'><strong>et</strong></span> <span class='ocrx_word' id='word_1_168' title='bbox 234 2902 509 2994; x_wconf 85' lang='lat' dir='ltr'><strong>adstipulabatur</strong></span> <span class='ocrx_word' id='word_1_169' title='bbox 534 2905 596 2976; x_wconf 79' lang='lat' dir='ltr'><strong>irae</strong></span> <span class='ocrx_word' id='word_1_170' title='bbox 621 2904 824 2976; x_wconf 75' lang='lat' dir='ltr'><strong>iustissima</strong></span> <span class='ocrx_word' id='word_1_171' title='bbox 851 2905 996 2975; x_wconf 81' lang='lat' dir='ltr'><strong>facultas</strong></span> <span class='ocrx_word' id='word_1_172' title='bbox 1034 2925 1196 2998; x_wconf 86' lang='lat' dir='ltr'><strong>praesens</strong></span> <span class='ocrx_word' id='word_1_173' title='bbox 1224 2930 1269 2982; x_wconf 88' lang='lat' dir='ltr'><strong>ao</strong></span> 
     </span>
     <span class='ocr_line' id='line_1_23' title="bbox 179 3004 1268 3121; baseline 0.006 -25"><span class='ocrx_word' id='word_1_174' title='bbox 179 3035 338 3120; x_wconf 87' lang='lat' dir='ltr'><strong>prompta</strong></span> <span class='ocrx_word' id='word_1_175' title='bbox 351 3022 624 3096; x_wconf 83' lang='lat' dir='ltr'><strong>vindictae.Viuit</strong></span> <span class='ocrx_word' id='word_1_176' title='bbox 636 3037 752 3097; x_wconf 92' lang='lat' dir='ltr'><strong>tamen</strong></span> <span class='ocrx_word' id='word_1_177' title='bbox 765 3035 889 3099; x_wconf 88' lang='lat' dir='ltr'><strong>natura</strong></span> <span class='ocrx_word' id='word_1_178' title='bbox 906 3026 1139 3098; x_wconf 86' lang='lat' dir='ltr'><strong>suavior:bac</strong></span> <span class='ocrx_word' id='word_1_179' title='bbox 1152 3004 1268 3121; x_wconf 79' lang='lat' dir='ltr'><strong>igitur</strong></span> 
     </span>
     <span class='ocr_line' id='line_1_24' title="bbox 180 3144 1268 3239; baseline 0.007 -23"><span class='ocrx_word' id='word_1_180' title='bbox 180 3151 256 3239; x_wconf 79' lang='lat' dir='ltr'><strong>lego</strong></span> <span class='ocrx_word' id='word_1_181' title='bbox 279 3145 414 3218; x_wconf 88' lang='lat' dir='ltr'><strong>veniam</strong></span> <span class='ocrx_word' id='word_1_182' title='bbox 436 3146 512 3214; x_wconf 91' lang='lat' dir='ltr'><strong>tulit</strong></span> <span class='ocrx_word' id='word_1_183' title='bbox 538 3156 575 3216; x_wconf 94' lang='lat' dir='ltr'><strong>ut</strong></span> <span class='ocrx_word' id='word_1_184' title='bbox 605 3144 732 3218; x_wconf 88' lang='lat' dir='ltr'><strong>dehinc</strong></span> <span class='ocrx_word' id='word_1_185' title='bbox 752 3169 816 3218; x_wconf 86' lang='lat' dir='ltr'><strong>nec</strong></span> <span class='ocrx_word' id='word_1_186' title='bbox 836 3146 970 3217; x_wconf 89' lang='lat' dir='ltr'><strong>amicus</strong></span> <span class='ocrx_word' id='word_1_187' title='bbox 986 3146 1087 3219; x_wconf 90' lang='lat' dir='ltr'><strong>nobis</strong></span> <span class='ocrx_word' id='word_1_188' title='bbox 1104 3148 1176 3231; x_wconf 90' lang='lat' dir='ltr'><strong>ille,</strong></span> <span class='ocrx_word' id='word_1_189' title='bbox 1196 3172 1268 3224; x_wconf 87' lang='lat' dir='ltr'><strong>nec</strong></span> 
     </span>
     <span class='ocr_line' id='line_1_25' title="bbox 182 3267 1269 3362; baseline 0.006 -22"><span class='ocrx_word' id='word_1_190' title='bbox 182 3271 294 3341; x_wconf 90' lang='lat' dir='ltr'><strong>hostis</strong></span> <span class='ocrx_word' id='word_1_191' title='bbox 313 3268 371 3341; x_wconf 90' lang='lat' dir='ltr'><strong>sit:</strong></span> <span class='ocrx_word' id='word_1_192' title='bbox 394 3289 540 3361; x_wconf 87' lang='lat' dir='ltr'><strong>quorum</strong></span> <span class='ocrx_word' id='word_1_193' title='bbox 564 3269 713 3362; x_wconf 90' lang='lat' dir='ltr'><strong>primum</strong></span> <span class='ocrx_word' id='word_1_194' title='bbox 732 3267 826 3340; x_wconf 92' lang='lat' dir='ltr'><strong>baud</strong></span> <span class='ocrx_word' id='word_1_195' title='bbox 855 3268 960 3340; x_wconf 92' lang='lat' dir='ltr'><strong>dubie</strong></span> <span class='ocrx_word' id='word_1_196' title='bbox 987 3269 1185 3362; x_wconf 69' lang='lat' dir='ltr'><strong>praestabit:</strong></span> <span class='ocrx_word' id='word_1_197' title='bbox 1217 3272 1269 3346; x_wconf 92' lang='lat' dir='ltr'><strong>de</strong></span> 
     </span>
     <span class='ocr_line' id='line_1_26' title="bbox 99 3389 1266 3473; baseline 0.005 -12"><span class='ocrx_word' id='word_1_198' title='bbox 99 3390 100 3394; x_wconf 69' lang='grc'>’</span> <span class='ocrx_word' id='word_1_199' title='bbox 181 3394 334 3465; x_wconf 89' lang='lat' dir='ltr'><strong>secundo</strong></span> <span class='ocrx_word' id='word_1_200' title='bbox 347 3392 485 3473; x_wconf 82' lang='lat' dir='ltr'><strong>viderit,</strong></span> <span class='ocrx_word' id='word_1_201' title='bbox 501 3390 583 3461; x_wconf 92' lang='lat' dir='ltr'><strong>dum</strong></span> <span class='ocrx_word' id='word_1_202' title='bbox 600 3389 664 3460; x_wconf 89' lang='lat' dir='ltr'><strong>sibi</strong></span> <span class='ocrx_word' id='word_1_203' title='bbox 680 3401 749 3461; x_wconf 91' lang='lat' dir='ltr'><strong>tam</strong></span> <span class='ocrx_word' id='word_1_204' title='bbox 764 3390 897 3462; x_wconf 77' lang='lat' dir='ltr'><strong>facilem</strong></span> <span class='ocrx_word' id='word_1_205' title='bbox 913 3392 1102 3465; x_wconf 89' lang='lat' dir='ltr'><strong>secundam</strong></span> <span class='ocrx_word' id='word_1_206' title='bbox 1117 3394 1266 3466; x_wconf 89' lang='lat' dir='ltr'><strong>veniam</strong></span> 
     </span>
     <span class='ocr_line' id='line_1_27' title="bbox 180 3511 1266 3607; baseline 0.006 -25"><span class='ocrx_word' id='word_1_207' title='bbox 180 3536 355 3607; x_wconf 88' lang='lat' dir='ltr'><strong>nunquam</strong></span> <span class='ocrx_word' id='word_1_208' title='bbox 372 3525 498 3607; x_wconf 79' lang='lat' dir='ltr'><strong>speret.</strong></span> <span class='ocrx_word' id='word_1_209' title='bbox 513 3511 568 3582; x_wconf 76' lang='lat' dir='ltr'><strong>Ad</strong></span> <span class='ocrx_word' id='word_1_210' title='bbox 583 3513 675 3584; x_wconf 87' lang='lat' dir='ltr'><strong>bunc</strong></span> <span class='ocrx_word' id='word_1_211' title='bbox 700 3513 840 3584; x_wconf 88' lang='lat' dir='ltr'><strong>modum</strong></span> <span class='ocrx_word' id='word_1_212' title='bbox 857 3534 894 3583; x_wconf 88' lang='lat' dir='ltr'><strong>se</strong></span> <span class='ocrx_word' id='word_1_213' title='bbox 909 3537 965 3585; x_wconf 89' lang='lat' dir='ltr'><strong>res</strong></span> <span class='ocrx_word' id='word_1_214' title='bbox 982 3513 1098 3585; x_wconf 90' lang='lat' dir='ltr'><strong>babet.</strong></span> <span class='ocrx_word' id='word_1_215' title='bbox 1120 3513 1266 3588; x_wconf 87' lang='lat' dir='ltr'><strong>lllallem</strong></span> 
     </span>
     <span class='ocr_line' id='line_1_28' title="bbox 180 3634 1268 3733; baseline 0.006 -29"><span class='ocrx_word' id='word_1_216' title='bbox 180 3637 331 3707; x_wconf 88' lang='lat' dir='ltr'><strong>medium</strong></span> <span class='ocrx_word' id='word_1_217' title='bbox 354 3648 488 3708; x_wconf 87' lang='lat' dir='ltr'><strong>tenere:</strong></span> <span class='ocrx_word' id='word_1_218' title='bbox 511 3634 574 3706; x_wconf 80' lang='lat' dir='ltr'><strong>sud</strong></span> <span class='ocrx_word' id='word_1_219' title='bbox 595 3635 623 3705; x_wconf 89' lang='lat' dir='ltr'><strong>si</strong></span> <span class='ocrx_word' id='word_1_220' title='bbox 649 3635 683 3705; x_wconf 92' lang='lat' dir='ltr'><strong>in</strong></span> <span class='ocrx_word' id='word_1_221' title='bbox 704 3636 869 3707; x_wconf 91' lang='lat' dir='ltr'><strong>alterutro</strong></span> <span class='ocrx_word' id='word_1_222' title='bbox 895 3636 965 3709; x_wconf 89' lang='lat' dir='ltr'><strong>labi</strong></span> <span class='ocrx_word' id='word_1_223' title='bbox 987 3643 1137 3733; x_wconf 70' lang='lat' dir='ltr'><strong>¹oportet,</strong></span> <span class='ocrx_word' id='word_1_224' title='bbox 1166 3639 1268 3711; x_wconf 89' lang='lat' dir='ltr'><strong>malo</strong></span> 
     </span>
     <span class='ocr_line' id='line_1_29' title="bbox 180 3736 1267 3854; baseline 0.012 -34"><span class='ocrx_word' id='word_1_225' title='bbox 180 3759 278 3825; x_wconf 75' lang='lat' dir='ltr'><strong>unalis</strong></span> <span class='ocrx_word' id='word_1_226' title='bbox 296 3759 399 3829; x_wconf 86' lang='lat' dir='ltr'><strong>otiam</strong></span> <span class='ocrx_word' id='word_1_227' title='bbox 421 3762 499 3854; x_wconf 90' lang='lat' dir='ltr'><strong>pius</strong></span> <span class='ocrx_word' id='word_1_228' title='bbox 519 3779 613 3840; x_wconf 84' lang='lat' dir='ltr'><strong>esse,</strong></span> <span class='ocrx_word' id='word_1_229' title='bbox 636 3778 740 3849; x_wconf 88' lang='lat' dir='ltr'><strong>quam</strong></span> <span class='ocrx_word' id='word_1_230' title='bbox 763 3767 845 3830; x_wconf 86' lang='lat' dir='ltr'><strong>trux</strong></span> <span class='ocrx_word' id='word_1_231' title='bbox 867 3736 1051 3830; x_wconf 55' lang='lat' dir='ltr'><strong>bonisf&#39;Tu</strong></span> <span class='ocrx_word' id='word_1_232' title='bbox 1070 3765 1193 3828; x_wconf 89' lang='lat' dir='ltr'><strong>oratus</strong></span> <span class='ocrx_word' id='word_1_233' title='bbox 1214 3758 1267 3832; x_wconf 90' lang='lat' dir='ltr'><strong>da</strong></span> 
     </span>
     <span class='ocr_line' id='line_1_30' title="bbox 179 3877 742 3962; baseline 0.009 -20"><span class='ocrx_word' id='word_1_234' title='bbox 179 3877 293 3947; x_wconf 73' lang='lat' dir='ltr'><strong>sonim</strong></span> <span class='ocrx_word' id='word_1_235' title='bbox 311 3901 400 3951; x_wconf 82' lang='lat' dir='ltr'><strong>mcae</strong></span> <span class='ocrx_word' id='word_1_236' title='bbox 421 3881 575 3962; x_wconf 84' lang='lat' dir='ltr'><strong>veniam,</strong></span> <span class='ocrx_word' id='word_1_237' title='bbox 598 3891 633 3951; x_wconf 80' lang='lat' dir='ltr'><strong>ct</strong></span> <span class='ocrx_word' id='word_1_238' title='bbox 652 3881 742 3951; x_wconf 87' lang='lat' dir='ltr'><strong>vale.</strong></span> 
     </span>
    </p>
   </div>
   <div class='ocr_carea' id='block_1_3' title="bbox 679 4078 758 4093">
    <p class='ocr_par' dir='ltr' id='par_1_3' title="bbox 679 4078 758 4093">
     <span class='ocr_line' id='line_1_31' title="bbox 679 4078 758 4093; baseline 0 -4"><span class='ocrx_word' id='word_1_239' title='bbox 679 4078 758 4093; x_wconf 47' lang='lat' dir='ltr'><strong>‘u-</strong></span> 
     </span>
    </p>
   </div>
   <div class='ocr_carea' id='block_1_4' title="bbox 0 0 1340 4688">
    <p class='ocr_par' dir='ltr' id='par_1_4' title="bbox 0 0 1340 4688">
     <span class='ocr_line' id='line_1_32' title="bbox 0 0 1340 4688; baseline 0 0"><span class='ocrx_word' id='word_1_240' title='bbox 0 0 1340 4688; x_wconf 95' lang='lat' dir='ltr'><strong> </strong></span> 
     </span>
    </p>
   </div>
  </div>
 </body>
</html>
