2670 4688
313 261 407 309 tlttttlt
430 260 960 310 t'tcu81uusrsttrlus.-srtsrutn
983 261 1000 307 l.
1141 249 1199 306 ‘¹83

120 400 201 473 nulli
224 397 403 468 hominum
425 397 516 488 loqui
536 397 649 479 iurat,
684 396 729 468 ad
764 409 797 469 te
830 398 949 468 ultima
979 407 1014 469 et
1045 397 1198 468 maxima

119 544 199 617 spes
219 521 415 593 mortalium
438 540 561 627 preces
582 529 693 589 verto.
716 521 751 590 Si
773 517 849 600 tibi,
872 530 1008 591 creator
1028 522 1196 603 omnium,

117 640 295 715 beneficiis
318 641 385 712 tuis
408 662 530 734 parum
550 641 748 710 memoriter
769 641 823 711 usi
846 641 914 710 visi
933 662 1071 724 sumus,
1096 641 1125 711 si
1140 663 1197 712 su·

118 764 297 855 percilium
310 762 412 832 altius
426 763 514 832 lorte
528 782 632 852 quam
647 760 778 843 decuit,
793 769 932 832 tantoet
946 770 1016 831 tam
1031 764 1196 855 praesenti

116 885 307 957 divinitatis
327 885 447 954 lavore
471 882 694 966 sustulimuS,
719 895 755 953 et
779 882 953 954 contrario
979 883 1034 952 vis
1063 883 1198 965 ulcisci,

118 1006 225 1078 rebus
247 1007 367 1077 faelem
394 1015 501 1074 muta.
529 1005 602 1075 Tua
628 1018 683 1076 est
708 1005 798 1074 enim
826 1006 978 1085 fortuna,
1015 1017 1084 1075 tuae
1119 1017 1198 1075 sunt

118 1137 248 1212 sortes,
272 1136 341 1197 tuae
366 1146 593 1197 successuum
622 1124 851 1196 humanorum
878 1125 986 1196 vices.
1012 1125 1199 1220 imperavi-

119 1271 199 1320 mus
220 1248 425 1334 insolenter,
449 1248 647 1319 serviamus
669 1248 854 1320 humiliter.
875 1247 1007 1320 Averte
1029 1249 1199 1319 latronum

118 1372 256 1464 iugum,
283 1373 310 1441 si
337 1392 491 1465 unquam
515 1373 686 1442 latronum
713 1393 811 1442 more
831 1371 1077 1465 pugnavimus.
1105 1371 1142 1441 Si
1168 1381 1201 1451 te

118 1495 325 1567 offendimus
345 1493 428 1566 etsi
451 1493 508 1564 tibi
532 1493 674 1564 libertas
697 1506 817 1565 nostra
836 1514 904 1563 non
925 1494 1057 1586 placet,
1079 1506 1115 1566 at
1133 1496 1202 1566 sal·
1256 1531 1259 1536 ‚

119 1627 186 1688 tem
208 1618 342 1689 illorum
360 1615 491 1701 caedes,
514 1615 714 1706 sacrilegia,
728 1617 876 1709 rapinae,
896 1618 1000 1700 lurta,
1016 1617 1200 1698 adulteria,

119 1750 239 1833 stupra
252 1741 459 1835 displiceant
473 1768 480 1809 :
496 1736 598 1810 obsta
620 1748 669 1810 tot
687 1740 802 1822 malis,
825 1750 860 1810 et
883 1750 914 1810 te
932 1740 1115 1812 Dominum
1136 1741 1202 1810 illis

118 1860 279 1947 ostende,
301 1864 359 1956 qui
394 1862 562 1933 dixerunt
586 1861 619 1929 in
653 1862 759 1933 corde
793 1882 872 1932 suo:
908 1861 985 1930 Non
1018 1873 1065 1929 ert
1099 1863 1200 1946 Dens,

120 1992 268 2076 tuusque
294 1994 392 2076 pater
424 1983 553 2055 adiuva
579 1981 739 2054 fortassis
767 1983 976 2064 immeritos
1006 1982 1068 2053 sed
1097 1982 1142 2053 de
1169 1993 1203 2054 tn

119 2117 313 2201 sperantes,
337 2118 507 2199 tuumque
528 2127 652 2177 numen
677 2127 755 2178 cum
789 2106 942 2178 lacrimis
977 2104 1199 2188 invocantes

119 2239 155 2300 et
174 2228 325 2321 ingenue
353 2231 501 2301 latentes
529 2228 625 2320 quod
649 2251 717 2298 non
743 2239 790 2299 ert
810 2229 896 2298 olins
916 2229 974 2322 qni
994 2241 1121 2322 pnpnet
1140 2254 1203 2324 pro

120 2352 226 2437 notis,
248 2354 314 2421 nist
335 2363 371 2420 tu
391 2351 479 2420 Deus
499 2363 617 2420 noster.

263 2502 395 2557 Kalendis
413 2503 595 2574 Septembris.

624 2709 702 2719 ᾕ-

547 2947 726 3012 sustuli
748 2947 779 3011 ll.

202 3118 394 3169 snsuctscus
416 3118 586 3169 persultet
608 3117 734 3167 ctuotu
756 3117 798 3166 lV·
822 3118 885 3166 ttw.
902 3118 974 3168 AUG.
991 3118 1015 3167 S.
1042 3119 1070 3166 P.
1092 3120 1122 3166 Ι).

175 3258 334 3330 Neglectam
349 3260 469 3314 Romani
482 3258 596 3330 Imperii
609 3275 706 3313 curam
721 3257 823 3312 iterum
838 3258 1003 3330 exprobrat,
1020 3264 1048 3313 et
1061 3273 1146 3312 novas

339 3346 544 3401 exlnortaliones
557 3346 617 3401 eius
632 3362 729 3402 caussa
745 3345 884 3402 veteribus
898 3347 983 3401 addit.

221 3582 354 3652 Laetum
375 3601 432 3651 me
453 3582 532 3652 lecit
550 3583 697 3675 epistola
724 3595 797 3666 tua,
821 3584 950 3654 Caesar.
975 3578 1120 3664 Quidni
1142 3600 1202 3651 au-

124 3717 207 3784 tem,
230 3726 307 3774 curn
332 3703 406 3773 sola
424 3701 473 3772 tui
495 3702 688 3775 recordatio
710 3707 825 3775 laetum
844 3706 958 3774 lacere
976 3705 1099 3787 soleat,
1120 3700 1203 3773 dum

124 3827 217 3898 subit
239 3826 392 3897 animum
416 3845 485 3908 me,
505 3824 625 3894 nescio
644 3825 785 3917 quidem
804 3825 907 3908 unde,
924 3823 1049 3894 nisiex
1069 3835 1127 3896 tua
1140 3825 1206 3894 hu·

123 3949 287 4020 manitate
312 3958 348 4019 et
373 3949 511 4020 fortuna
538 3967 629 4029 mea,
658 3947 733 4016 sive
757 3957 796 4016 ut
815 3946 881 4017 hoc
908 3947 1062 4017 ultimum
1085 3947 1205 4018 sanius

22 4050 35 4071 ⁹
123 4071 261 4162 loquar,
283 4093 352 4142 non
370 4082 464 4143 certo
492 4067 595 4142 solari
617 4067 747 4140 virtute
774 4067 934 4164 subque
960 4093 1074 4143 essem
1102 4081 1206 4144 natus
