<?xml version="1.0" encoding="UTF-8"?>
<!DOCTYPE html PUBLIC "-//W3C//DTD XHTML 1.0 Transitional//EN"
    "http://www.w3.org/TR/xhtml1/DTD/xhtml1-transitional.dtd">
<html xmlns="http://www.w3.org/1999/xhtml" xml:lang="en" lang="en">
 <head>
  <title>
</title>
<meta http-equiv="Content-Type" content="text/html;charset=utf-8" />
  <meta name='ocr-system' content='tesseract 3.04.00' />
  <meta name='ocr-capabilities' content='ocr_page ocr_carea ocr_par ocr_line ocrx_word'/>
</head>
<body>
  <div class='ocr_page' id='page_1' title='image "./epistolaederebu01fracgoog_0247.png"; bbox 0 0 2670 4688; ppageno 0'>
   <div class='ocr_carea' id='block_1_1' title="bbox 248 291 1150 356">
    <p class='ocr_par' dir='ltr' id='par_1_1' title="bbox 248 291 1150 356">
     <span class='ocr_line' id='line_1_1' title="bbox 248 291 1150 356; baseline -0.001 -1"><span class='ocrx_word' id='word_1_1' title='bbox 248 307 339 355; x_wconf 79' lang='lat' dir='ltr'><strong>arnan</strong></span> <span class='ocrx_word' id='word_1_2' title='bbox 360 304 673 356; x_wconf 82' lang='lat' dir='ltr'><strong>vlccsruusrnurtus.</strong></span> <span class='ocrx_word' id='word_1_3' title='bbox 687 322 723 335; x_wconf 89' lang='lat'>-</span> <span class='ocrx_word' id='word_1_4' title='bbox 735 303 890 355; x_wconf 72' lang='lat' dir='ltr'><strong>crascone</strong></span> <span class='ocrx_word' id='word_1_5' title='bbox 911 306 975 353; x_wconf 79' lang='lat' dir='ltr'><strong>xlx.</strong></span> <span class='ocrx_word' id='word_1_6' title='bbox 1090 291 1150 354; x_wconf 72' lang='lat'><strong>239</strong></span> 
     </span>
    </p>
   </div>
   <div class='ocr_carea' id='block_1_2' title="bbox 47 445 1227 3729">
    <p class='ocr_par' dir='ltr' id='par_1_2' title="bbox 47 445 1227 3729">
     <span class='ocr_line' id='line_1_2' title="bbox 71 445 1150 540; baseline -0.004 -19"><span class='ocrx_word' id='word_1_7' title='bbox 71 463 158 522; x_wconf 81' lang='lat' dir='ltr'><strong>aetas</strong></span> <span class='ocrx_word' id='word_1_8' title='bbox 180 450 246 533; x_wconf 88' lang='lat' dir='ltr'><strong>illa,</strong></span> <span class='ocrx_word' id='word_1_9' title='bbox 269 459 306 521; x_wconf 91' lang='lat' dir='ltr'><strong>et</strong></span> <span class='ocrx_word' id='word_1_10' title='bbox 325 448 500 523; x_wconf 88' lang='lat' dir='ltr'><strong>interdum</strong></span> <span class='ocrx_word' id='word_1_11' title='bbox 522 447 627 519; x_wconf 86' lang='lat' dir='ltr'><strong>alieni</strong></span> <span class='ocrx_word' id='word_1_12' title='bbox 650 445 838 518; x_wconf 82' lang='lat' dir='ltr'><strong>dulcedine</strong></span> <span class='ocrx_word' id='word_1_13' title='bbox 861 457 983 540; x_wconf 88' lang='lat' dir='ltr'><strong>mptus</strong></span> <span class='ocrx_word' id='word_1_14' title='bbox 1009 447 1150 540; x_wconf 89' lang='lat' dir='ltr'><strong>ingenii,</strong></span> 
     </span>
     <span class='ocr_line' id='line_1_3' title="bbox 71 569 1153 666; baseline -0.004 -20"><span class='ocrx_word' id='word_1_15' title='bbox 71 584 191 647; x_wconf 90' lang='lat' dir='ltr'><strong>contra</strong></span> <span class='ocrx_word' id='word_1_16' title='bbox 225 571 395 666; x_wconf 88' lang='lat' dir='ltr'><strong>poeticam</strong></span> <span class='ocrx_word' id='word_1_17' title='bbox 428 569 646 663; x_wconf 82' lang='lat' dir='ltr'><strong>disciplinam</strong></span> <span class='ocrx_word' id='word_1_18' title='bbox 682 569 733 640; x_wconf 90' lang='lat' dir='ltr'><strong>sic</strong></span> <span class='ocrx_word' id='word_1_19' title='bbox 764 571 801 640; x_wconf 85' lang='lat' dir='ltr'><strong>ia</strong></span> <span class='ocrx_word' id='word_1_20' title='bbox 826 574 933 642; x_wconf 89' lang='lat' dir='ltr'><strong>altum</strong></span> <span class='ocrx_word' id='word_1_21' title='bbox 955 572 1087 654; x_wconf 83' lang='lat' dir='ltr'><strong>desilit,</strong></span> <span class='ocrx_word' id='word_1_22' title='bbox 1116 583 1153 643; x_wconf 92' lang='lat' dir='ltr'><strong>ut</strong></span> 
     </span>
     <span class='ocr_line' id='line_1_4' title="bbox 71 691 1151 789; baseline -0.004 -21"><span class='ocrx_word' id='word_1_23' title='bbox 71 697 187 789; x_wconf 90' lang='lat' dir='ltr'><strong>operis</strong></span> <span class='ocrx_word' id='word_1_24' title='bbox 201 697 278 784; x_wconf 88' lang='lat' dir='ltr'><strong>lege</strong></span> <span class='ocrx_word' id='word_1_25' title='bbox 290 693 429 776; x_wconf 82' lang='lat' dir='ltr'><strong>vetitus,</strong></span> <span class='ocrx_word' id='word_1_26' title='bbox 445 696 575 763; x_wconf 80' lang='lat' dir='ltr'><strong>reterre</strong></span> <span class='ocrx_word' id='word_1_27' title='bbox 589 691 721 786; x_wconf 86' lang='lat' dir='ltr'><strong>pedem,</strong></span> <span class='ocrx_word' id='word_1_28' title='bbox 737 692 805 762; x_wconf 90' lang='lat' dir='ltr'><strong>nisi</strong></span> <span class='ocrx_word' id='word_1_29' title='bbox 818 693 917 762; x_wconf 85' lang='lat' dir='ltr'><strong>risus</strong></span> <span class='ocrx_word' id='word_1_30' title='bbox 930 703 966 763; x_wconf 91' lang='lat' dir='ltr'><strong>ct</strong></span> <span class='ocrx_word' id='word_1_31' title='bbox 978 694 1151 783; x_wconf 85' lang='lat' dir='ltr'><strong>cognitus,</strong></span> 
     </span>
     <span class='ocr_line' id='line_1_5' title="bbox 72 813 1154 910; baseline -0.003 -21"><span class='ocrx_word' id='word_1_32' title='bbox 72 840 142 889; x_wconf 92' lang='lat' dir='ltr'><strong>non</strong></span> <span class='ocrx_word' id='word_1_33' title='bbox 162 818 285 910; x_wconf 86' lang='lat' dir='ltr'><strong>possit.</strong></span> <span class='ocrx_word' id='word_1_34' title='bbox 307 817 345 887; x_wconf 95' lang='lat' dir='ltr'><strong>ln</strong></span> <span class='ocrx_word' id='word_1_35' title='bbox 367 815 488 909; x_wconf 91' lang='lat' dir='ltr'><strong>primis</strong></span> <span class='ocrx_word' id='word_1_36' title='bbox 509 836 595 885; x_wconf 89' lang='lat' dir='ltr'><strong>saue</strong></span> <span class='ocrx_word' id='word_1_37' title='bbox 615 813 798 905; x_wconf 79' lang='lat' dir='ltr'><strong>Virgilium</strong></span> <span class='ocrx_word' id='word_1_38' title='bbox 825 813 980 885; x_wconf 86' lang='lat' dir='ltr'><strong>miratur.</strong></span> <span class='ocrx_word' id='word_1_39' title='bbox 1007 814 1094 885; x_wconf 84' lang='lat' dir='ltr'><strong>Mire</strong></span> <span class='ocrx_word' id='word_1_40' title='bbox 1119 815 1154 887; x_wconf 94' lang='lat' dir='ltr'><strong>id</strong></span> 
     </span>
     <span class='ocr_line' id='line_1_6' title="bbox 71 937 1153 1031; baseline -0.004 -19"><span class='ocrx_word' id='word_1_41' title='bbox 71 941 237 1031; x_wconf 81' lang='lat' dir='ltr'><strong>quidem3</strong></span> <span class='ocrx_word' id='word_1_42' title='bbox 259 939 452 1010; x_wconf 85' lang='lat' dir='ltr'><strong>cumcuim</strong></span> <span class='ocrx_word' id='word_1_43' title='bbox 480 937 581 1009; x_wconf 92' lang='lat' dir='ltr'><strong>multi</strong></span> <span class='ocrx_word' id='word_1_44' title='bbox 607 947 726 1008; x_wconf 87' lang='lat' dir='ltr'><strong>vatum</strong></span> <span class='ocrx_word' id='word_1_45' title='bbox 744 958 929 1008; x_wconf 91' lang='lat' dir='ltr'><strong>enumero</strong></span> <span class='ocrx_word' id='word_1_46' title='bbox 954 943 1153 1008; x_wconf 89' lang='lat' dir='ltr'><strong>nostrerum</strong></span> 
     </span>
     <span class='ocr_line' id='line_1_7' title="bbox 74 1058 1155 1144; baseline 0.001 -14"><span class='ocrx_word' id='word_1_47' title='bbox 74 1062 281 1144; x_wconf 80' lang='lat' dir='ltr'><strong>laudabiles,</strong></span> <span class='ocrx_word' id='word_1_48' title='bbox 308 1082 401 1132; x_wconf 90' lang='lat' dir='ltr'><strong>unus</strong></span> <span class='ocrx_word' id='word_1_49' title='bbox 420 1060 476 1130; x_wconf 92' lang='lat' dir='ltr'><strong>ille</strong></span> <span class='ocrx_word' id='word_1_50' title='bbox 496 1060 666 1131; x_wconf 88' lang='lat' dir='ltr'><strong>mirabilis</strong></span> <span class='ocrx_word' id='word_1_51' title='bbox 685 1070 751 1131; x_wconf 90' lang='lat' dir='ltr'><strong>est.</strong></span> <span class='ocrx_word' id='word_1_52' title='bbox 773 1058 884 1131; x_wconf 79' lang='lat' dir='ltr'><strong>liuius</strong></span> <span class='ocrx_word' id='word_1_53' title='bbox 905 1060 962 1130; x_wconf 87' lang='lat' dir='ltr'><strong>hic</strong></span> <span class='ocrx_word' id='word_1_54' title='bbox 981 1080 1100 1132; x_wconf 87' lang='lat' dir='ltr'><strong>amore</strong></span> <span class='ocrx_word' id='word_1_55' title='bbox 1119 1071 1155 1131; x_wconf 89' lang='lat' dir='ltr'><strong>el</strong></span> 
     </span>
     <span class='ocr_line' id='line_1_8' title="bbox 75 1181 1153 1278; baseline -0.002 -26"><span class='ocrx_word' id='word_1_56' title='bbox 75 1182 247 1255; x_wconf 89' lang='lat' dir='ltr'><strong>illecebris</strong></span> <span class='ocrx_word' id='word_1_57' title='bbox 259 1194 394 1278; x_wconf 87' lang='lat' dir='ltr'><strong>captus,</strong></span> <span class='ocrx_word' id='word_1_58' title='bbox 412 1203 506 1275; x_wconf 81' lang='lat' dir='ltr'><strong>saepe</strong></span> <span class='ocrx_word' id='word_1_59' title='bbox 523 1182 715 1253; x_wconf 78' lang='lat' dir='ltr'><strong>carminum</strong></span> <span class='ocrx_word' id='word_1_60' title='bbox 729 1181 917 1274; x_wconf 84' lang='lat' dir='ltr'><strong>particulas</strong></span> <span class='ocrx_word' id='word_1_61' title='bbox 931 1182 1006 1253; x_wconf 90' lang='lat' dir='ltr'><strong>suis</strong></span> <span class='ocrx_word' id='word_1_62' title='bbox 1019 1182 1153 1254; x_wconf 86' lang='lat' dir='ltr'><strong>inserit.</strong></span> 
     </span>
     <span class='ocr_line' id='line_1_9' title="bbox 76 1304 1153 1399; baseline 0.004 -26"><span class='ocrx_word' id='word_1_63' title='bbox 76 1305 150 1396; x_wconf 81' lang='lat' dir='ltr'><strong>Ego</strong></span> <span class='ocrx_word' id='word_1_64' title='bbox 172 1316 288 1377; x_wconf 86' lang='lat' dir='ltr'><strong>autem</strong></span> <span class='ocrx_word' id='word_1_65' title='bbox 309 1306 370 1399; x_wconf 90' lang='lat' dir='ltr'><strong>qui</strong></span> <span class='ocrx_word' id='word_1_66' title='bbox 391 1306 487 1375; x_wconf 89' lang='lat' dir='ltr'><strong>illum</strong></span> <span class='ocrx_word' id='word_1_67' title='bbox 514 1304 597 1375; x_wconf 91' lang='lat' dir='ltr'><strong>mibi</strong></span> <span class='ocrx_word' id='word_1_68' title='bbox 615 1316 895 1376; x_wconf 78' lang='lat' dir='ltr'><strong>succrescentem</strong></span> <span class='ocrx_word' id='word_1_69' title='bbox 917 1308 1019 1377; x_wconf 71' lang='lat' dir='ltr'><strong>laetus</strong></span> <span class='ocrx_word' id='word_1_70' title='bbox 1039 1305 1153 1390; x_wconf 84' lang='lat' dir='ltr'><strong>video,</strong></span> 
     </span>
     <span class='ocr_line' id='line_1_10' title="bbox 73 1425 1157 1520; baseline 0.004 -25"><span class='ocrx_word' id='word_1_71' title='bbox 73 1428 204 1519; x_wconf 87' lang='lat' dir='ltr'><strong>quique</strong></span> <span class='ocrx_word' id='word_1_72' title='bbox 223 1449 302 1499; x_wconf 91' lang='lat' dir='ltr'><strong>eum</strong></span> <span class='ocrx_word' id='word_1_73' title='bbox 325 1429 428 1498; x_wconf 86' lang='lat' dir='ltr'><strong>talem</strong></span> <span class='ocrx_word' id='word_1_74' title='bbox 449 1425 525 1498; x_wconf 90' lang='lat' dir='ltr'><strong>lieri</strong></span> <span class='ocrx_word' id='word_1_75' title='bbox 544 1427 683 1518; x_wconf 89' lang='lat' dir='ltr'><strong>qualem</strong></span> <span class='ocrx_word' id='word_1_76' title='bbox 706 1447 863 1499; x_wconf 84' lang='lat' dir='ltr'><strong>maesse</strong></span> <span class='ocrx_word' id='word_1_77' title='bbox 880 1427 991 1520; x_wconf 87' lang='lat' dir='ltr'><strong>cupio,</strong></span> <span class='ocrx_word' id='word_1_78' title='bbox 1010 1427 1157 1499; x_wconf 80' lang='lat' dir='ltr'><strong>familia·</strong></span> 
     </span>
     <span class='ocr_line' id='line_1_11' title="bbox 75 1547 1156 1643; baseline 0.002 -26"><span class='ocrx_word' id='word_1_79' title='bbox 75 1550 158 1619; x_wconf 89' lang='lat' dir='ltr'><strong>riter</strong></span> <span class='ocrx_word' id='word_1_80' title='bbox 185 1549 298 1643; x_wconf 87' lang='lat' dir='ltr'><strong>ipsum</strong></span> <span class='ocrx_word' id='word_1_81' title='bbox 325 1570 366 1620; x_wconf 93' lang='lat' dir='ltr'><strong>ac</strong></span> <span class='ocrx_word' id='word_1_82' title='bbox 389 1559 536 1642; x_wconf 85' lang='lat' dir='ltr'><strong>paterne</strong></span> <span class='ocrx_word' id='word_1_83' title='bbox 567 1570 690 1619; x_wconf 89' lang='lat' dir='ltr'><strong>moneo</strong></span> <span class='ocrx_word' id='word_1_84' title='bbox 719 1547 840 1620; x_wconf 90' lang='lat' dir='ltr'><strong>videat</strong></span> <span class='ocrx_word' id='word_1_85' title='bbox 869 1548 954 1643; x_wconf 87' lang='lat' dir='ltr'><strong>quid</strong></span> <span class='ocrx_word' id='word_1_86' title='bbox 979 1549 1062 1640; x_wconf 86' lang='lat' dir='ltr'><strong>agit.</strong></span> <span class='ocrx_word' id='word_1_87' title='bbox 1089 1549 1156 1620; x_wconf 85' lang='lat' dir='ltr'><strong>Cu-</strong></span> 
     </span>
     <span class='ocr_line' id='line_1_12' title="bbox 74 1668 1154 1764; baseline 0.001 -22"><span class='ocrx_word' id='word_1_88' title='bbox 74 1671 223 1743; x_wconf 89' lang='lat' dir='ltr'><strong>randum</strong></span> <span class='ocrx_word' id='word_1_89' title='bbox 244 1671 417 1753; x_wconf 86' lang='lat' dir='ltr'><strong>imitatcri‚</strong></span> <span class='ocrx_word' id='word_1_90' title='bbox 441 1683 479 1743; x_wconf 92' lang='lat' dir='ltr'><strong>ut</strong></span> <span class='ocrx_word' id='word_1_91' title='bbox 499 1671 595 1764; x_wconf 92' lang='lat' dir='ltr'><strong>quod</strong></span> <span class='ocrx_word' id='word_1_92' title='bbox 615 1668 737 1743; x_wconf 82' lang='lat' dir='ltr'><strong>scribit</strong></span> <span class='ocrx_word' id='word_1_93' title='bbox 757 1671 871 1743; x_wconf 87' lang='lat' dir='ltr'><strong>simile</strong></span> <span class='ocrx_word' id='word_1_94' title='bbox 891 1693 959 1743; x_wconf 90' lang='lat' dir='ltr'><strong>non</strong></span> <span class='ocrx_word' id='word_1_95' title='bbox 981 1672 1073 1745; x_wconf 90' lang='lat' dir='ltr'><strong>idem</strong></span> <span class='ocrx_word' id='word_1_96' title='bbox 1092 1673 1154 1756; x_wconf 88' lang='lat' dir='ltr'><strong>sit,</strong></span> 
     </span>
     <span class='ocr_line' id='line_1_13' title="bbox 47 1794 1157 1888; baseline 0 -21"><span class='ocrx_word' id='word_1_97' title='bbox 47 1837 48 1841; x_wconf 61' lang='lat'><em>=</em></span> <span class='ocrx_word' id='word_1_98' title='bbox 71 1816 220 1886; x_wconf 88' lang='lat' dir='ltr'><strong>cumque</strong></span> <span class='ocrx_word' id='word_1_99' title='bbox 241 1794 503 1867; x_wconf 89' lang='lat' dir='ltr'><strong>similitudinem</strong></span> <span class='ocrx_word' id='word_1_100' title='bbox 530 1797 632 1865; x_wconf 88' lang='lat' dir='ltr'><strong>talem</strong></span> <span class='ocrx_word' id='word_1_101' title='bbox 657 1815 740 1866; x_wconf 89' lang='lat' dir='ltr'><strong>esse</strong></span> <span class='ocrx_word' id='word_1_102' title='bbox 760 1805 929 1887; x_wconf 84' lang='lat' dir='ltr'><strong>opertere.</strong></span> <span class='ocrx_word' id='word_1_103' title='bbox 951 1817 1021 1866; x_wconf 92' lang='lat' dir='ltr'><strong>non</strong></span> <span class='ocrx_word' id='word_1_104' title='bbox 1041 1795 1157 1888; x_wconf 87' lang='lat' dir='ltr'><strong>qualis</strong></span> 
     </span>
     <span class='ocr_line' id='line_1_14' title="bbox 74 1916 1157 2009; baseline -0.003 -20"><span class='ocrx_word' id='word_1_105' title='bbox 74 1930 130 1989; x_wconf 86' lang='lat' dir='ltr'><strong>est</strong></span> <span class='ocrx_word' id='word_1_106' title='bbox 155 1917 316 2008; x_wconf 80' lang='lat' dir='ltr'><strong>imaginis</strong></span> <span class='ocrx_word' id='word_1_107' title='bbox 342 1917 388 1987; x_wconf 90' lang='lat' dir='ltr'><strong>ad</strong></span> <span class='ocrx_word' id='word_1_108' title='bbox 413 1938 495 1987; x_wconf 88' lang='lat' dir='ltr'><strong>cum</strong></span> <span class='ocrx_word' id='word_1_109' title='bbox 516 1916 618 1987; x_wconf 88' lang='lat' dir='ltr'><strong>cuins</strong></span> <span class='ocrx_word' id='word_1_110' title='bbox 637 1918 753 2007; x_wconf 84' lang='lat' dir='ltr'><strong>imago</strong></span> <span class='ocrx_word' id='word_1_111' title='bbox 772 1926 845 2002; x_wconf 84' lang='lat' dir='ltr'><strong>est,</strong></span> <span class='ocrx_word' id='word_1_112' title='bbox 866 1938 948 2009; x_wconf 83' lang='lat' dir='ltr'><strong>quae</strong></span> <span class='ocrx_word' id='word_1_113' title='bbox 968 1939 1039 2009; x_wconf 88' lang='lat' dir='ltr'><strong>quc</strong></span> <span class='ocrx_word' id='word_1_114' title='bbox 1059 1917 1157 1988; x_wconf 90' lang='lat' dir='ltr'><strong>simi-</strong></span> 
     </span>
     <span class='ocr_line' id='line_1_15' title="bbox 73 2037 1154 2135; baseline 0.003 -27"><span class='ocrx_word' id='word_1_115' title='bbox 73 2039 139 2111; x_wconf 90' lang='lat' dir='ltr'><strong>lior</strong></span> <span class='ocrx_word' id='word_1_116' title='bbox 158 2062 202 2112; x_wconf 89' lang='lat' dir='ltr'><strong>cc</strong></span> <span class='ocrx_word' id='word_1_117' title='bbox 222 2040 331 2112; x_wconf 88' lang='lat' dir='ltr'><strong>maior</strong></span> <span class='ocrx_word' id='word_1_118' title='bbox 352 2043 428 2112; x_wconf 89' lang='lat' dir='ltr'><strong>laus</strong></span> <span class='ocrx_word' id='word_1_119' title='bbox 449 2039 615 2122; x_wconf 80' lang='lat' dir='ltr'><strong>artificis3</strong></span> <span class='ocrx_word' id='word_1_120' title='bbox 638 2037 702 2111; x_wconf 87' lang='lat' dir='ltr'><strong>sed</strong></span> <span class='ocrx_word' id='word_1_121' title='bbox 722 2038 835 2132; x_wconf 85' lang='lat' dir='ltr'><strong>qualis</strong></span> <span class='ocrx_word' id='word_1_122' title='bbox 857 2037 924 2110; x_wconf 90' lang='lat' dir='ltr'><strong>lilii</strong></span> <span class='ocrx_word' id='word_1_123' title='bbox 938 2039 983 2111; x_wconf 93' lang='lat' dir='ltr'><strong>ad</strong></span> <span class='ocrx_word' id='word_1_124' title='bbox 1004 2052 1154 2135; x_wconf 81' lang='lat' dir='ltr'><strong>patrem,</strong></span> 
     </span>
     <span class='ocr_line' id='line_1_16' title="bbox 73 2161 1156 2256; baseline 0.003 -24"><span class='ocrx_word' id='word_1_125' title='bbox 73 2162 108 2232; x_wconf 94' lang='lat' dir='ltr'><strong>in</strong></span> <span class='ocrx_word' id='word_1_126' title='bbox 129 2161 258 2255; x_wconf 88' lang='lat' dir='ltr'><strong>quibus</strong></span> <span class='ocrx_word' id='word_1_127' title='bbox 278 2184 358 2234; x_wconf 92' lang='lat' dir='ltr'><strong>cum</strong></span> <span class='ocrx_word' id='word_1_128' title='bbox 380 2184 507 2253; x_wconf 87' lang='lat' dir='ltr'><strong>magna</strong></span> <span class='ocrx_word' id='word_1_129' title='bbox 525 2183 620 2256; x_wconf 86' lang='lat' dir='ltr'><strong>saepe</strong></span> <span class='ocrx_word' id='word_1_130' title='bbox 635 2162 826 2235; x_wconf 88' lang='lat' dir='ltr'><strong>diversitas</strong></span> <span class='ocrx_word' id='word_1_131' title='bbox 844 2164 891 2234; x_wconf 91' lang='lat' dir='ltr'><strong>sit</strong></span> <span class='ocrx_word' id='word_1_132' title='bbox 908 2161 1156 2250; x_wconf 87' lang='lat' dir='ltr'><strong>membmrum,</strong></span> 
     </span>
     <span class='ocr_line' id='line_1_17' title="bbox 72 2283 1155 2379; baseline 0.004 -25"><span class='ocrx_word' id='word_1_133' title='bbox 72 2283 197 2355; x_wconf 89' lang='lat' dir='ltr'><strong>umbra</strong></span> <span class='ocrx_word' id='word_1_134' title='bbox 217 2285 380 2376; x_wconf 75' lang='lat' dir='ltr'><strong>quadam</strong></span> <span class='ocrx_word' id='word_1_135' title='bbox 401 2294 437 2355; x_wconf 90' lang='lat' dir='ltr'><strong>et</strong></span> <span class='ocrx_word' id='word_1_136' title='bbox 457 2308 563 2378; x_wconf 89' lang='lat' dir='ltr'><strong>quem</strong></span> <span class='ocrx_word' id='word_1_137' title='bbox 584 2286 734 2379; x_wconf 88' lang='lat' dir='ltr'><strong>pictores</strong></span> <span class='ocrx_word' id='word_1_138' title='bbox 756 2286 864 2358; x_wconf 89' lang='lat' dir='ltr'><strong>nostri</strong></span> <span class='ocrx_word' id='word_1_139' title='bbox 884 2307 1003 2359; x_wconf 85' lang='lat' dir='ltr'><strong>aerem</strong></span> <span class='ocrx_word' id='word_1_140' title='bbox 1020 2298 1155 2368; x_wconf 83' lang='lat' dir='ltr'><strong>vocant,</strong></span> 
     </span>
     <span class='ocr_line' id='line_1_18' title="bbox 73 2404 1157 2499; baseline 0.003 -22"><span class='ocrx_word' id='word_1_141' title='bbox 73 2407 135 2496; x_wconf 89' lang='lat' dir='ltr'><strong>qui</strong></span> <span class='ocrx_word' id='word_1_142' title='bbox 161 2404 197 2476; x_wconf 92' lang='lat' dir='ltr'><strong>in</strong></span> <span class='ocrx_word' id='word_1_143' title='bbox 222 2408 322 2476; x_wconf 91' lang='lat' dir='ltr'><strong>vultu</strong></span> <span class='ocrx_word' id='word_1_144' title='bbox 354 2407 460 2499; x_wconf 90' lang='lat' dir='ltr'><strong>inque</strong></span> <span class='ocrx_word' id='word_1_145' title='bbox 492 2408 601 2477; x_wconf 89' lang='lat' dir='ltr'><strong>oculis</strong></span> <span class='ocrx_word' id='word_1_146' title='bbox 621 2409 776 2479; x_wconf 88' lang='lat' dir='ltr'><strong>maxime</strong></span> <span class='ocrx_word' id='word_1_147' title='bbox 800 2409 969 2493; x_wconf 88' lang='lat' dir='ltr'><strong>cernitur,</strong></span> <span class='ocrx_word' id='word_1_148' title='bbox 998 2408 1157 2480; x_wconf 87' lang='lat' dir='ltr'><strong>similitu-</strong></span> 
     </span>
     <span class='ocr_line' id='line_1_19' title="bbox 74 2526 1157 2621; baseline 0.002 -23"><span class='ocrx_word' id='word_1_149' title='bbox 74 2527 191 2598; x_wconf 88' lang='lat' dir='ltr'><strong>dinem</strong></span> <span class='ocrx_word' id='word_1_150' title='bbox 214 2526 307 2596; x_wconf 90' lang='lat' dir='ltr'><strong>illam</strong></span> <span class='ocrx_word' id='word_1_151' title='bbox 329 2527 428 2608; x_wconf 87' lang='lat' dir='ltr'><strong>lacit,</strong></span> <span class='ocrx_word' id='word_1_152' title='bbox 448 2550 531 2620; x_wconf 72' lang='lat' dir='ltr'><strong>quae</strong></span> <span class='ocrx_word' id='word_1_153' title='bbox 551 2529 667 2601; x_wconf 87' lang='lat' dir='ltr'><strong>statim</strong></span> <span class='ocrx_word' id='word_1_154' title='bbox 687 2528 766 2600; x_wconf 90' lang='lat' dir='ltr'><strong>viso</strong></span> <span class='ocrx_word' id='word_1_155' title='bbox 788 2528 867 2611; x_wconf 82' lang='lat' dir='ltr'><strong>filio,</strong></span> <span class='ocrx_word' id='word_1_156' title='bbox 897 2531 1008 2621; x_wconf 88' lang='lat' dir='ltr'><strong>patris</strong></span> <span class='ocrx_word' id='word_1_157' title='bbox 1029 2531 1064 2600; x_wconf 93' lang='lat' dir='ltr'><strong>in</strong></span> <span class='ocrx_word' id='word_1_158' title='bbox 1085 2552 1157 2600; x_wconf 68' lang='lat' dir='ltr'><strong>me</strong></span> 
     </span>
     <span class='ocr_line' id='line_1_20' title="bbox 75 2646 1156 2736; baseline 0.003 -18"><span class='ocrx_word' id='word_1_159' title='bbox 75 2646 222 2719; x_wconf 88' lang='lat' dir='ltr'><strong>moriam</strong></span> <span class='ocrx_word' id='word_1_160' title='bbox 245 2668 309 2718; x_wconf 89' lang='lat' dir='ltr'><strong>nos</strong></span> <span class='ocrx_word' id='word_1_161' title='bbox 337 2647 496 2736; x_wconf 89' lang='lat' dir='ltr'><strong>reducat,</strong></span> <span class='ocrx_word' id='word_1_162' title='bbox 518 2673 596 2720; x_wconf 92' lang='lat' dir='ltr'><strong>cum</strong></span> <span class='ocrx_word' id='word_1_163' title='bbox 620 2663 735 2721; x_wconf 87' lang='lat' dir='ltr'><strong>tumen</strong></span> <span class='ocrx_word' id='word_1_164' title='bbox 757 2651 787 2720; x_wconf 89' lang='lat' dir='ltr'><strong>si</strong></span> <span class='ocrx_word' id='word_1_165' title='bbox 808 2671 867 2721; x_wconf 91' lang='lat' dir='ltr'><strong>res</strong></span> <span class='ocrx_word' id='word_1_166' title='bbox 888 2648 933 2721; x_wconf 91' lang='lat' dir='ltr'><strong>ad</strong></span> <span class='ocrx_word' id='word_1_167' title='bbox 954 2672 1156 2722; x_wconf 86' lang='lat' dir='ltr'><strong>mensuram</strong></span> 
     </span>
     <span class='ocr_line' id='line_1_21' title="bbox 76 2768 1158 2864; baseline 0.003 -23"><span class='ocrx_word' id='word_1_168' title='bbox 76 2768 210 2852; x_wconf 87' lang='lat' dir='ltr'><strong>redeat,</strong></span> <span class='ocrx_word' id='word_1_169' title='bbox 238 2769 354 2842; x_wconf 89' lang='lat' dir='ltr'><strong>omnia</strong></span> <span class='ocrx_word' id='word_1_170' title='bbox 380 2771 451 2842; x_wconf 83' lang='lat' dir='ltr'><strong>sint</strong></span> <span class='ocrx_word' id='word_1_171' title='bbox 474 2770 639 2856; x_wconf 83' lang='lat' dir='ltr'><strong>diversa;</strong></span> <span class='ocrx_word' id='word_1_172' title='bbox 666 2770 729 2843; x_wconf 87' lang='lat' dir='ltr'><strong>sed</strong></span> <span class='ocrx_word' id='word_1_173' title='bbox 761 2783 817 2843; x_wconf 90' lang='lat' dir='ltr'><strong>est</strong></span> <span class='ocrx_word' id='word_1_174' title='bbox 850 2771 897 2842; x_wconf 92' lang='lat' dir='ltr'><strong>ibi</strong></span> <span class='ocrx_word' id='word_1_175' title='bbox 930 2771 1049 2843; x_wconf 90' lang='lat' dir='ltr'><strong>nescio</strong></span> <span class='ocrx_word' id='word_1_176' title='bbox 1073 2772 1158 2864; x_wconf 87' lang='lat' dir='ltr'><strong>quid</strong></span> 
     </span>
     <span class='ocr_line' id='line_1_22' title="bbox 74 2894 1158 2989; baseline 0.001 -24"><span class='ocrx_word' id='word_1_177' title='bbox 74 2896 246 2966; x_wconf 89' lang='lat' dir='ltr'><strong>occultum</strong></span> <span class='ocrx_word' id='word_1_178' title='bbox 267 2894 362 2987; x_wconf 87' lang='lat' dir='ltr'><strong>quud</strong></span> <span class='ocrx_word' id='word_1_179' title='bbox 385 2896 473 2966; x_wconf 89' lang='lat' dir='ltr'><strong>hanc</strong></span> <span class='ocrx_word' id='word_1_180' title='bbox 501 2894 629 2966; x_wconf 81' lang='lat' dir='ltr'><strong>lrabeat</strong></span> <span class='ocrx_word' id='word_1_181' title='bbox 655 2897 737 2966; x_wconf 88' lang='lat' dir='ltr'><strong>vim.</strong></span> <span class='ocrx_word' id='word_1_182' title='bbox 764 2896 822 2969; x_wconf 89' lang='lat' dir='ltr'><strong>Sic</strong></span> <span class='ocrx_word' id='word_1_183' title='bbox 852 2907 887 2967; x_wconf 92' lang='lat' dir='ltr'><strong>et</strong></span> <span class='ocrx_word' id='word_1_184' title='bbox 913 2896 1014 2968; x_wconf 88' lang='lat' dir='ltr'><strong>nobis</strong></span> <span class='ocrx_word' id='word_1_185' title='bbox 1041 2898 1158 2989; x_wconf 84' lang='lat' dir='ltr'><strong>provi-</strong></span> 
     </span>
     <span class='ocr_line' id='line_1_23' title="bbox 74 3017 1157 3113; baseline 0 -26"><span class='ocrx_word' id='word_1_186' title='bbox 74 3017 240 3103; x_wconf 88' lang='lat' dir='ltr'><strong>dendum,</strong></span> <span class='ocrx_word' id='word_1_187' title='bbox 264 3032 302 3090; x_wconf 90' lang='lat' dir='ltr'><strong>ut</strong></span> <span class='ocrx_word' id='word_1_188' title='bbox 333 3041 411 3090; x_wconf 89' lang='lat' dir='ltr'><strong>cum</strong></span> <span class='ocrx_word' id='word_1_189' title='bbox 446 3019 561 3091; x_wconf 85' lang='lat' dir='ltr'><strong>simile</strong></span> <span class='ocrx_word' id='word_1_190' title='bbox 586 3018 718 3113; x_wconf 91' lang='lat' dir='ltr'><strong>aliquid</strong></span> <span class='ocrx_word' id='word_1_191' title='bbox 744 3020 802 3105; x_wconf 88' lang='lat' dir='ltr'><strong>sit,</strong></span> <span class='ocrx_word' id='word_1_192' title='bbox 830 3021 939 3092; x_wconf 88' lang='lat' dir='ltr'><strong>multa</strong></span> <span class='ocrx_word' id='word_1_193' title='bbox 964 3020 1033 3092; x_wconf 89' lang='lat' dir='ltr'><strong>sint</strong></span> <span class='ocrx_word' id='word_1_194' title='bbox 1052 3019 1157 3090; x_wconf 88' lang='lat' dir='ltr'><strong>dissi·</strong></span> 
     </span>
     <span class='ocr_line' id='line_1_24' title="bbox 75 3137 1155 3237; baseline 0.006 -28"><span class='ocrx_word' id='word_1_195' title='bbox 75 3137 186 3224; x_wconf 84' lang='lat' dir='ltr'><strong>milia,</strong></span> <span class='ocrx_word' id='word_1_196' title='bbox 209 3153 245 3212; x_wconf 89' lang='lat' dir='ltr'><strong>et</strong></span> <span class='ocrx_word' id='word_1_197' title='bbox 264 3142 416 3236; x_wconf 88' lang='lat' dir='ltr'><strong>idipsum</strong></span> <span class='ocrx_word' id='word_1_198' title='bbox 436 3143 549 3214; x_wconf 85' lang='lat' dir='ltr'><strong>simile</strong></span> <span class='ocrx_word' id='word_1_199' title='bbox 567 3145 688 3228; x_wconf 85' lang='lat' dir='ltr'><strong>lateat,</strong></span> <span class='ocrx_word' id='word_1_200' title='bbox 712 3165 775 3214; x_wconf 90' lang='lat' dir='ltr'><strong>nec</strong></span> <span class='ocrx_word' id='word_1_201' title='bbox 795 3142 1011 3237; x_wconf 86' lang='lat' dir='ltr'><strong>deprehendi</strong></span> <span class='ocrx_word' id='word_1_202' title='bbox 1029 3141 1155 3234; x_wconf 86' lang='lat' dir='ltr'><strong>possit,</strong></span> 
     </span>
     <span class='ocr_line' id='line_1_25' title="bbox 75 3260 1159 3359; baseline 0.003 -29"><span class='ocrx_word' id='word_1_203' title='bbox 75 3261 143 3330; x_wconf 90' lang='lat' dir='ltr'><strong>nisi</strong></span> <span class='ocrx_word' id='word_1_204' title='bbox 164 3260 266 3331; x_wconf 87' lang='lat' dir='ltr'><strong>tacita</strong></span> <span class='ocrx_word' id='word_1_205' title='bbox 291 3265 419 3336; x_wconf 87' lang='lat' dir='ltr'><strong>mentis</strong></span> <span class='ocrx_word' id='word_1_206' title='bbox 445 3265 628 3359; x_wconf 73' lang='lat' dir='ltr'><strong>indagine,</strong></span> <span class='ocrx_word' id='word_1_207' title='bbox 665 3276 703 3336; x_wconf 89' lang='lat' dir='ltr'><strong>ut</strong></span> <span class='ocrx_word' id='word_1_208' title='bbox 735 3266 878 3356; x_wconf 80' lang='lat' dir='ltr'><strong>intelligi</strong></span> <span class='ocrx_word' id='word_1_209' title='bbox 912 3264 1026 3333; x_wconf 87' lang='lat' dir='ltr'><strong>simile</strong></span> <span class='ocrx_word' id='word_1_210' title='bbox 1051 3273 1159 3355; x_wconf 84' lang='lat' dir='ltr'><strong>queat</strong></span> 
     </span>
     <span class='ocr_line' id='line_1_26' title="bbox 74 3376 1227 3478; baseline 0.003 -25"><span class='ocrx_word' id='word_1_211' title='bbox 74 3385 190 3475; x_wconf 86' lang='lat' dir='ltr'><strong>potius</strong></span> <span class='ocrx_word' id='word_1_212' title='bbox 211 3405 316 3475; x_wconf 87' lang='lat' dir='ltr'><strong>qnam</strong></span> <span class='ocrx_word' id='word_1_213' title='bbox 337 3386 417 3458; x_wconf 91' lang='lat' dir='ltr'><strong>dici.</strong></span> <span class='ocrx_word' id='word_1_214' title='bbox 440 3386 613 3460; x_wconf 84' lang='lat' dir='ltr'><strong>Utendum</strong></span> <span class='ocrx_word' id='word_1_215' title='bbox 635 3389 742 3478; x_wconf 87' lang='lat' dir='ltr'><strong>igitur</strong></span> <span class='ocrx_word' id='word_1_216' title='bbox 762 3388 903 3478; x_wconf 83' lang='lat' dir='ltr'><strong>ingenio</strong></span> <span class='ocrx_word' id='word_1_217' title='bbox 919 3385 1040 3469; x_wconf 87' lang='lat' dir='ltr'><strong>alieno,</strong></span> <span class='ocrx_word' id='word_1_218' title='bbox 1060 3396 1159 3458; x_wconf 81' lang='lat' dir='ltr'><strong>uten-</strong></span> <span class='ocrx_word' id='word_1_219' title='bbox 1220 3376 1227 3385; x_wconf 76' lang='grc'><strong>’</strong></span> 
     </span>
     <span class='ocr_line' id='line_1_27' title="bbox 73 3505 1158 3599; baseline -0.003 -21"><span class='ocrx_word' id='word_1_220' title='bbox 73 3505 230 3599; x_wconf 90' lang='lat' dir='ltr'><strong>dumque</strong></span> <span class='ocrx_word' id='word_1_221' title='bbox 250 3505 439 3592; x_wconf 86' lang='lat' dir='ltr'><strong>coloribus,</strong></span> <span class='ocrx_word' id='word_1_222' title='bbox 462 3509 702 3582; x_wconf 87' lang='lat' dir='ltr'><strong>abstinendum</strong></span> <span class='ocrx_word' id='word_1_223' title='bbox 721 3507 852 3582; x_wconf 88' lang='lat' dir='ltr'><strong>verbis.</strong></span> <span class='ocrx_word' id='word_1_224' title='bbox 872 3511 933 3580; x_wconf 95' lang='lat' dir='ltr'><strong>llla</strong></span> <span class='ocrx_word' id='word_1_225' title='bbox 950 3509 1043 3579; x_wconf 91' lang='lat' dir='ltr'><strong>enim</strong></span> <span class='ocrx_word' id='word_1_226' title='bbox 1062 3505 1158 3577; x_wconf 91' lang='lat' dir='ltr'><strong>simi-</strong></span> 
     </span>
     <span class='ocr_line' id='line_1_28' title="bbox 75 3626 1155 3729; baseline -0.001 -31"><span class='ocrx_word' id='word_1_227' title='bbox 75 3629 185 3700; x_wconf 89' lang='lat' dir='ltr'><strong>litndu</strong></span> <span class='ocrx_word' id='word_1_228' title='bbox 206 3631 301 3710; x_wconf 89' lang='lat' dir='ltr'><strong>latet,</strong></span> <span class='ocrx_word' id='word_1_229' title='bbox 326 3631 403 3729; x_wconf 83' lang='lat' dir='ltr'><strong>lraep</strong></span> <span class='ocrx_word' id='word_1_230' title='bbox 422 3631 561 3702; x_wconf 83' lang='lat' dir='ltr'><strong>eminet.</strong></span> <span class='ocrx_word' id='word_1_231' title='bbox 584 3626 645 3704; x_wconf 64' lang='lat' dir='ltr'><strong>l&#39;lla</strong></span> <span class='ocrx_word' id='word_1_232' title='bbox 667 3645 788 3726; x_wconf 87' lang='lat' dir='ltr'><strong>poetas</strong></span> <span class='ocrx_word' id='word_1_233' title='bbox 810 3632 903 3715; x_wconf 86' lang='lat' dir='ltr'><strong>lacit,</strong></span> <span class='ocrx_word' id='word_1_234' title='bbox 929 3631 1005 3702; x_wconf 87' lang='lat' dir='ltr'><strong>baec</strong></span> <span class='ocrx_word' id='word_1_235' title='bbox 1025 3629 1155 3699; x_wconf 88' lang='lat' dir='ltr'><strong>simias.</strong></span> 
     </span>
    </p>
   </div>
   <div class='ocr_carea' id='block_1_3' title="bbox 75 3751 1291 3858">
    <p class='ocr_par' dir='ltr' id='par_1_3' title="bbox 75 3751 1291 3858">
     <span class='ocr_line' id='line_1_29' title="bbox 75 3751 1291 3858; baseline 0 -37"><span class='ocrx_word' id='word_1_236' title='bbox 75 3753 243 3824; x_wconf 85' lang='lat' dir='ltr'><strong>standum</strong></span> <span class='ocrx_word' id='word_1_237' title='bbox 264 3751 415 3846; x_wconf 88' lang='lat' dir='ltr'><strong>denique</strong></span> <span class='ocrx_word' id='word_1_238' title='bbox 435 3754 577 3825; x_wconf 76' lang='lat' dir='ltr'><strong>Senecae</strong></span> <span class='ocrx_word' id='word_1_239' title='bbox 596 3755 750 3838; x_wconf 88' lang='lat' dir='ltr'><strong>consilio,</strong></span> <span class='ocrx_word' id='word_1_240' title='bbox 773 3754 870 3848; x_wconf 90' lang='lat' dir='ltr'><strong>quod</strong></span> <span class='ocrx_word' id='word_1_241' title='bbox 891 3762 970 3824; x_wconf 90' lang='lat' dir='ltr'><strong>ante</strong></span> <span class='ocrx_word' id='word_1_242' title='bbox 988 3753 1156 3823; x_wconf 86' lang='lat' dir='ltr'><strong>Senecam</strong></span> <span class='ocrx_word' id='word_1_243' title='bbox 1288 3852 1291 3858; x_wconf 21' lang='grc' dir='ltr'>Ι</span> 
     </span>
    </p>
   </div>
   <div class='ocr_carea' id='block_1_4' title="bbox 71 3873 1155 4218">
    <p class='ocr_par' dir='ltr' id='par_1_4' title="bbox 71 3873 1155 4218">
     <span class='ocr_line' id='line_1_30' title="bbox 75 3873 1154 3968; baseline 0.002 -24"><span class='ocrx_word' id='word_1_244' title='bbox 75 3875 185 3946; x_wconf 83' lang='lat' dir='ltr'><strong>Flacci</strong></span> <span class='ocrx_word' id='word_1_245' title='bbox 207 3889 297 3961; x_wconf 83' lang='lat' dir='ltr'><strong>erat,</strong></span> <span class='ocrx_word' id='word_1_246' title='bbox 314 3888 355 3948; x_wconf 88' lang='lat' dir='ltr'><strong>ut</strong></span> <span class='ocrx_word' id='word_1_247' title='bbox 372 3875 569 3948; x_wconf 89' lang='lat' dir='ltr'><strong>scribamus</strong></span> <span class='ocrx_word' id='word_1_248' title='bbox 587 3876 719 3949; x_wconf 89' lang='lat' dir='ltr'><strong>scilicet</strong></span> <span class='ocrx_word' id='word_1_249' title='bbox 738 3878 828 3949; x_wconf 91' lang='lat' dir='ltr'><strong>sicut</strong></span> <span class='ocrx_word' id='word_1_250' title='bbox 845 3898 929 3968; x_wconf 89' lang='lat' dir='ltr'><strong>apes</strong></span> <span class='ocrx_word' id='word_1_251' title='bbox 949 3873 1154 3959; x_wconf 86' lang='lat' dir='ltr'><strong>mellificant,</strong></span> 
     </span>
     <span class='ocr_line' id='line_1_31' title="bbox 72 3997 1155 4083; baseline -0.006 -11"><span class='ocrx_word' id='word_1_252' title='bbox 72 4020 142 4073; x_wconf 88' lang='lat' dir='ltr'><strong>non</strong></span> <span class='ocrx_word' id='word_1_253' title='bbox 165 4002 315 4074; x_wconf 87' lang='lat' dir='ltr'><strong>servatis</strong></span> <span class='ocrx_word' id='word_1_254' title='bbox 336 3999 492 4083; x_wconf 83' lang='lat' dir='ltr'><strong>floribus,</strong></span> <span class='ocrx_word' id='word_1_255' title='bbox 515 4000 634 4072; x_wconf 89' lang='lat' dir='ltr'><strong>sedin</strong></span> <span class='ocrx_word' id='word_1_256' title='bbox 657 4003 755 4073; x_wconf 81' lang='lat' dir='ltr'><strong>laves</strong></span> <span class='ocrx_word' id='word_1_257' title='bbox 772 3998 904 4083; x_wconf 85' lang='lat' dir='ltr'><strong>versis,</strong></span> <span class='ocrx_word' id='word_1_258' title='bbox 925 4009 962 4070; x_wconf 93' lang='lat' dir='ltr'><strong>ut</strong></span> <span class='ocrx_word' id='word_1_259' title='bbox 976 4019 1024 4070; x_wconf 84' lang='lat' dir='ltr'><strong>ex</strong></span> <span class='ocrx_word' id='word_1_260' title='bbox 1039 3997 1155 4067; x_wconf 88' lang='lat' dir='ltr'><strong>multis</strong></span> 
     </span>
     <span class='ocr_line' id='line_1_32' title="bbox 71 4120 1153 4218; baseline -0.006 -22"><span class='ocrx_word' id='word_1_261' title='bbox 71 4132 109 4196; x_wconf 79' lang='lat' dir='ltr'><strong>et</strong></span> <span class='ocrx_word' id='word_1_262' title='bbox 126 4126 235 4196; x_wconf 77' lang='lat' dir='ltr'><strong>variis</strong></span> <span class='ocrx_word' id='word_1_263' title='bbox 255 4144 362 4207; x_wconf 78' lang='lat' dir='ltr'><strong>auum</strong></span> <span class='ocrx_word' id='word_1_264' title='bbox 385 4122 459 4210; x_wconf 85' lang='lat' dir='ltr'><strong>liat,</strong></span> <span class='ocrx_word' id='word_1_265' title='bbox 483 4123 590 4218; x_wconf 89' lang='lat' dir='ltr'><strong>idque</strong></span> <span class='ocrx_word' id='word_1_266' title='bbox 614 4123 709 4196; x_wconf 89' lang='lat' dir='ltr'><strong>aliud</strong></span> <span class='ocrx_word' id='word_1_267' title='bbox 737 4134 772 4194; x_wconf 85' lang='lat' dir='ltr'><strong>et</strong></span> <span class='ocrx_word' id='word_1_268' title='bbox 799 4122 934 4193; x_wconf 88' lang='lat' dir='ltr'><strong>melius.</strong></span> <span class='ocrx_word' id='word_1_269' title='bbox 964 4121 1046 4191; x_wconf 85' lang='lat' dir='ltr'><strong>llaec</strong></span> <span class='ocrx_word' id='word_1_270' title='bbox 1070 4120 1153 4190; x_wconf 92' lang='lat' dir='ltr'><strong>dum</strong></span> 
     </span>
    </p>
   </div>
   <div class='ocr_carea' id='block_1_5' title="bbox 0 0 1342 4688">
    <p class='ocr_par' dir='ltr' id='par_1_5' title="bbox 0 0 1342 4688">
     <span class='ocr_line' id='line_1_33' title="bbox 0 0 1342 4688; baseline 0 0"><span class='ocrx_word' id='word_1_271' title='bbox 0 0 1342 4688; x_wconf 95' lang='lat' dir='ltr'><strong> </strong></span> 
     </span>
    </p>
   </div>
  </div>
 </body>
</html>
