2670 4688
122 290 179 349 356
592 300 755 348 usurarum

122 442 319 514 amantibus
353 453 388 512 et
422 463 485 512 sna
512 455 636 514 cuncta
674 441 895 526 mirantibus,
932 445 1093 516 alienum
1121 470 1225 519 omne

123 566 306 636 sordescit.
329 564 402 635 Tibi
421 565 559 637 animus
581 567 670 638 idem
692 579 798 658 atque
819 567 1008 638 unilormis
1028 578 1107 638 est:
1130 591 1224 641 sem-

123 689 329 781 penitaque
365 698 421 759 tua
452 691 572 779 legens
606 687 700 759 dixi:
735 710 860 780 magna
886 700 944 759 est
978 690 1128 762 Barbati
1156 694 1220 761 mei

124 811 317 895 lrnmililas,
338 832 487 902 magnus
502 832 611 892 amor;
633 809 875 882 adamantinas
896 811 1088 905 opiniones
1109 823 1147 884 et
1167 834 1220 883 ra-

123 930 256 1003 dicatos
271 933 306 1003 in
325 935 419 1004 silice
441 954 568 1003 sensns
593 932 709 1002 habet.
738 931 789 1001 En
816 939 853 1002 lat
870 933 988 1017 anxie,
1011 936 1121 1025 quasi
1146 956 1219 1004 ma-

125 1075 213 1145 gnas
226 1077 325 1150 opes
342 1078 433 1126 nunc
451 1055 553 1126 etiam
577 1055 724 1149 ineptias
739 1074 835 1124 meas
852 1055 991 1147 quaerit.
1006 1056 1110 1128 Unde
1133 1058 1218 1127 hoc?

125 1177 295 1247 Nimirum
316 1198 384 1247 non
407 1178 536 1268 ingenii
572 1179 651 1258 mei,
675 1177 738 1249 sed
761 1176 851 1247 illius
877 1175 1117 1268 indulgentiae
1142 1181 1218 1250 laus

125 1309 198 1382 est;
225 1299 289 1369 lnas
311 1299 357 1368 illi
378 1320 480 1370 curas
502 1320 615 1381 arnor,
640 1300 704 1369 hoc
722 1299 888 1381 studium,
910 1298 977 1369 hos
995 1298 1141 1370 labores
1167 1300 1218 1368 in·

127 1423 217 1492 tulit:
244 1420 441 1512 quiesceret
469 1421 534 1490 nisi
566 1430 709 1490 amaret.
741 1419 840 1490 Haud
858 1439 952 1489 nova
971 1418 1121 1511 quidem
1147 1442 1215 1491 res.

126 1544 228 1634 lnops
261 1541 377 1612 iudicii
404 1543 517 1612 omnis
540 1563 677 1613 amans:
705 1542 815 1636 lippos
836 1542 969 1613 amicus
995 1544 1124 1613 oculos
1145 1545 1217 1614 lau-

125 1660 242 1742 dabit;
282 1660 459 1755 obliquum
495 1684 633 1747 nasum,
670 1663 822 1735 nodosos
862 1663 1007 1755 digitoS,
1050 1677 1213 1737 moestam

125 1789 290 1870 frontem,
313 1807 423 1877 genas
450 1787 581 1867 aridas
611 1786 803 1878 squalidam
834 1807 981 1858 comam.
1005 1785 1102 1868 Quid
1122 1787 1214 1859 enim

126 1910 215 1980 inter
235 1908 434 1980 adulantem
456 1921 677 1982 clamantem
699 1909 859 1992 interest,
874 1909 940 1979 nisi
956 1908 1053 2000 quod
1074 1909 1136 1980 ille
1155 1912 1216 1980 lal-

127 2028 181 2109 lit,
207 2027 262 2097 lic
287 2027 427 2110 lallitur,
447 2027 503 2098 ille
524 2026 738 2120 persuadere
764 2027 839 2097 vult
859 2024 950 2108 aliis,
971 2025 1027 2096 hic
1048 2026 1119 2096 iam
1138 2048 1216 2121 per·

127 2151 238 2220 suasit
259 2147 353 2220 sihi?
384 2148 461 2217 Vidi
483 2171 563 2240 ego,
591 2147 755 2231 Barbam,
777 2148 890 2217 virum
917 2147 1090 2240 optimum
1111 2169 1212 2239 quern

126 2282 312 2342 strumosae
347 2271 531 2352 humerus,
567 2290 671 2362 quem
709 2270 935 2342 claudicantis
969 2267 1153 2356 incessus,
1180 2281 1215 2341 et

125 2416 229 2485 quem
256 2392 366 2464 blcsae
391 2392 625 2464 confabulatio
655 2391 855 2463 delectaret.
881 2388 1123 2462 Novissimum
1152 2392 1215 2464 hoc

125 2527 161 2587 et
182 2517 241 2588 tibi
268 2517 407 2589 accidit:
431 2517 516 2610 quid
542 2523 633 2588 enim
660 2515 820 2607 llagitas‘l
843 2513 934 2608 quid·
957 2514 1121 2605 quaeris‘l
1150 2517 1215 2586 Fa-

126 2652 244 2712 cessat
264 2641 309 2713 ad
336 2642 457 2712 horam
482 2662 598 2722 amor3
627 2660 695 2711 non
721 2659 817 2711 ames
838 2635 990 2729 parcius,
1014 2637 1080 2708 sed
1101 2637 1215 2711 incor-

127 2763 262 2855 ruptius
288 2762 440 2833 iudices:
456 2761 595 2833 videbis
615 2783 757 2854 quoque
779 2757 1000 2830 balbutientis
1014 2758 1117 2831 amici
1140 2782 1215 2832 ser-

128 2884 307 2954 munculos
341 2892 436 2952 tanto
457 2880 574 2952 s'tudio
600 2896 632 2952 te
665 2893 800 2973 optare,
835 2890 978 2975 quanto,
1012 2880 1080 2951 nisi
1114 2906 1213 2956 amor

125 3013 232 3082 essct,
255 2999 435 3069 abiiceres.
459 3001 510 3069 Sit
532 3013 646 3071 tamen
668 3003 728 3072 ita:
752 3004 861 3074 errori
887 3003 978 3074 enim
1006 3013 1065 3074 luo
1092 3018 1212 3095 gratu-

125 3130 193 3197 lor:
222 3144 301 3192 nam
328 3133 362 3192 et
386 3141 573 3192 examore
605 3121 716 3193 oritur
749 3124 865 3194 radice
892 3125 1145 3215 pulcherrima,
1177 3141 1213 3201 et

125 3250 320 3345 plusculum
352 3247 438 3315 sorte
471 3266 576 3334 quarn
611 3245 800 3338 suspiceris
830 3246 1047 3317 nominituo
1077 3250 1213 3321 confert

125 3396 207 3444 num
231 3373 363 3459 integre
384 3365 517 3437 iudices
540 3366 711 3437 haesitare.
726 3367 812 3448 Quis
834 3369 900 3439 scit
916 3391 958 3440 an
977 3378 1012 3438 et
1032 3370 1212 3443 interdum

124 3493 297 3567 derebus
324 3487 410 3558 meis
434 3497 569 3561 mutare
604 3490 810 3561 sententiam
844 3501 946 3582 cogat
971 3491 1211 3563 testimonium

125 3618 202 3688 talis
226 3609 313 3682 viril
332 3609 527 3700 Utcumque
548 3609 594 3680 ita
616 3610 674 3690 sit,
692 3614 845 3704 prolecto
863 3614 1093 3685 litterularum
1112 3635 1210 3686 mea-

125 3761 210 3818 rum,
232 3753 312 3827 qum
334 3729 393 3801 tibi
415 3730 490 3801 sine
511 3733 582 3804 ullo
602 3732 803 3806 discrimine
821 3738 959 3829 placent
972 3756 1107 3824 omneS,
1127 3759 1212 3833 par-

125 3875 191 3934 tem
213 3856 378 3948 exiguam
402 3863 495 3924 tanta
522 3855 741 3929 solicitudine
774 3857 1017 3949 congregasti,
1045 3883 1124 3928 cum
1149 3859 1210 3932 tibi

127 3983 259 4056 interim
283 3979 353 4052 voti
381 3977 428 4048 tui
454 3980 617 4052 conscius
648 3981 755 4050 multa
783 3980 990 4074 paraverint.
1010 3980 1084 4051 Tibi
1111 3983 1213 4075 eqni-

128 4111 205 4183 dem
222 4101 465 4201 quodcumque
484 4102 568 4175 mihi
588 4111 643 4178 est
662 4102 848 4195 epistolare
865 4122 1005 4173 carmen
1027 4103 1209 4199 inscripsi,
