2670 4688
123 308 178 357 n¹2t
580 313 740 360 t'.tlll.tltt'tl

120 457 261 545 geniem
283 476 395 525 meam
416 459 548 527 celem‘?
593 459 856 529 excusationem
883 476 956 527 non
982 458 1220 552 Epitaphium

122 576 327 659 meditabar,
358 590 395 649 ut
411 582 471 672 qui
491 583 709 673 multumque
728 580 795 650 alia
809 601 975 650 curarum
991 582 1074 651 acie
1094 583 1221 655 obses·

122 720 186 768 sus
205 712 241 769 ct
261 703 526 794 occupationum
556 725 710 774 mearum
734 703 836 772 'mole
858 700 1012 774 obrutus
1034 703 1161 789 vobis,
1183 716 1219 775 ut

124 842 216 900 reor,
243 824 347 892 animi
376 826 498 894 saltem
532 824 679 914 augurio
712 845 780 893 non
814 821 951 911 ignota,
989 845 1059 894 nee
1089 828 1216 918 coeptis

124 944 198 1036 ipse
215 944 383 1016 sufficiam
405 947 505 1028 meis,
527 956 563 1016 et
581 966 690 1036 usque
711 944 801 1015 adeo
820 943 866 1014 ab
888 943 1097 1016 huiusmodi
1119 949 1215 1019 iuve-

124 1067 251 1139 nilibus
270 1067 448 1139 exercitiis
470 1069 532 1137 sim
559 1068 770 1149 distractus,
798 1083 837 1136 ut
868 1085 939 1136 non
972 1066 1046 1138 iam
1072 1071 1213 1162 antiqua

124 1203 282 1284 repetere
302 1189 432 1271 videar,
456 1190 519 1260 sed
543 1212 633 1260 nova
662 1209 805 1280 prorsus
826 1200 863 1258 et
890 1189 1032 1260 insueta
1061 1201 1210 1275 tentare,

124 1314 279 1407 vitaeque
300 1314 445 1384 metiens
466 1313 671 1382 brevitatem
697 1321 734 1380 et
759 1308 1072 1382 fundamentorum
1094 1313 1213 1406 ampli-

124 1437 279 1507 tudinem
302 1455 383 1527 quae
405 1435 467 1504 ieci
500 1434 624 1504 sedule
645 1455 779 1503 mecum
803 1432 879 1525 ipse
900 1435 1111 1517 remetiens
1135 1457 1212 1505 cen·

124 1558 333 1628 tremiscam.
363 1557 512 1648 ldeeque
541 1555 742 1649 iampridem
771 1555 877 1625 semel
906 1566 1023 1625 mente
1049 1553 1210 1625 firmare·

124 1701 212 1761 ram,
238 1677 319 1747 nibil
342 1701 495 1770 unquam
519 1681 573 1749 vel
590 1678 715 1769 ingenii
728 1676 907 1758 exercitio,
923 1677 982 1745 vel
1002 1677 1209 1770 cuiusquam

125 1801 305 1893 precibus
330 1805 384 1871 vel
411 1801 568 1894 qualibet
590 1823 652 1871 seu
670 1799 878 1870 necessitate
900 1819 963 1869 seu
983 1798 1211 1872 delectatione

125 1926 282 1996 materiae
315 1923 396 1995 novi
432 1925 596 1994 carminis
622 1921 785 2014 aggredi,
814 1922 900 1991 satis
933 1941 1116 2014 superque
1141 1923 1212 1993 exi·

126 2046 272 2119 stimans
316 2048 345 2117 si
388 2046 505 2116 notive
552 2057 633 2115 veta
668 2043 912 2113 successerint.
946 2041 1051 2124 Quod
1080 2065 1212 2137 praeru-

127 2173 220 2259 ptum
256 2168 358 2239 animi
391 2165 585 2245 decretum,
609 2166 766 2253 neglecta
790 2164 925 2234 interim
958 2154 1093 2254 ingenii
1113 2187 1212 2258 aspe

126 2287 224 2356 rior-in
256 2286 408 2363 infamia,
438 2292 558 2352 contra
585 2283 754 2353 fervidam
789 2286 979 2356 amicerum
1008 2286 1210 2358 instantiam

126 2405 372 2477 inexorabilem
392 2425 485 2498 saepe
507 2428 563 2475 me
585 2404 703 2477 tenuit.
719 2406 810 2489 Quid
830 2407 1041 2478 multallam
1057 2411 1211 2482 calamus

104 2540 199 2613 ,erat
227 2530 260 2595 in
295 2527 475 2611 mambae,
507 2529 645 2621 iamque
678 2529 861 2599 excusatio
894 2527 1102 2615 texebatur,
1130 2532 1210 2605 dum

124 2650 289 2721 seeundae
318 2653 535 2723 interventus
570 2653 729 2745 epistolae
756 2650 911 2721 iniiciens
946 2672 1089 2722 manum
1124 2653 1213 2725 diffi-

123 2771 276 2842 dentiam
300 2774 461 2858 abstulit,
485 2777 653 2867 pudorem
676 2773 802 2857 attulit,
825 2772 988 2844 duritiem
1010 2775 1132 2866 fregit:
1152 2777 1214 2847 ita·

123 2914 193 2984 true
221 2896 411 2978 calamum,
440 2918 545 2986 quem
573 2897 617 2965 ad
640 2895 837 2985 negandum
860 2917 1051 2989 ceperam,
1075 2897 1121 2968 ad
1155 2918 1214 2990 pa-

124 3014 272 3088 rendum
292 3017 397 3097 vorti,
413 3017 508 3107 quiid,
520 3028 555 3086 et
569 3039 629 3107 per
643 3037 759 3108 quem,
776 3029 810 3085 et
828 3038 891 3110 pro
907 3038 977 3108 quo
994 3031 1211 3109 posceretur,

123 3139 256 3231 quidve
289 3152 324 3209 et
357 3139 460 3209 buius
486 3140 648 3210 amicitiae
670 3151 705 3209 et
731 3138 822 3208 illius
850 3141 1024 3211 memoriae
1049 3141 1213 3227 debeam,

123 3262 249 3335 aeriter
270 3282 405 3331 meeum
427 3264 586 3333 volvens.
610 3261 740 3331 Eadem
768 3261 853 3332 bera
888 3262 993 3353 igitur
1018 3262 1216 3358 eademque

124 3385 282 3455 sessione
298 3385 560 3475 qtratuordecim
595 3385 715 3474 elegos
741 3382 883 3464 dictavi,
915 3383 973 3474 qui
1000 3383 1029 3451 si
1056 3387 1126 3455 mei
1147 3409 1218 3458 non

124 3502 354 3583 talebuntur,
377 3504 483 3575 nolite
505 3504 639 3585 mirari;
667 3526 746 3574 uam
779 3525 843 3574 uec
877 3526 944 3594 ege
977 3514 1015 3573 ut
1048 3526 1218 3596 cuperem

124 3644 223 3691 irrues
251 3646 345 3703 stunt,
373 3647 437 3695 nee
470 3646 547 3695 sum
583 3626 639 3695 ille
665 3626 723 3716 qui
763 3626 910 3696 sueram:
943 3627 990 3697 ita
1023 3648 1078 3697 me
1106 3632 1220 3702 multa

122 3756 427 3837 rnetmrstmpant:
449 3768 661 3840 (utrumquem
685 3748 750 3817 bec
772 3750 818 3817 ita
840 3750 944 3818 velim
964 3749 1072 3840 accipi
1087 3771 1218 3824 verum

122 3886 219 3935 ruse.
253 3864 308 3933 nu
336 3890 391 3937 tue
425 3870 545 3940 tivum
574 3891 738 3960 measque
773 3892 828 3939 ros
864 3872 1010 3941 intucor.
1041 3872 1128 3942 Nam
1158 3876 1220 3946 ubi

123 3990 210 4051 :ibes
232 4002 267 4057 et
287 3990 475 4065 ltutnauttm
489 4013 602 4083 genus
615 4015 717 4063 omne
732 3995 961 4081 contemplor,
979 3996 1086 4065 multa
1103 3997 1221 4070 fateor

138 4130 309 4177 ucnrrnnt
348 4112 441 4185 arido
474 4116 540 4185 tuoi
573 4124 685 4184 status
718 4136 795 4183 cnm
824 4112 947 4180 alienun
976 4117 1080 4184 sortis
1107 4121 1221 4191 eolla-
