2670 4688
524 288 678 336 urusruur
701 289 730 334 x.
1108 272 1168 332 :tab

86 441 176 507 tione
196 436 368 520 consoler,
405 458 518 528 neque
549 437 646 505 facile
679 434 829 525 quisque
862 456 916 504 me
942 433 1082 505 liberior
1109 446 1170 506 aut

86 562 196 651 magis
219 581 306 630 suus
335 566 510 653 appareat.
541 556 642 639 Quod
674 555 702 624 si
735 558 820 626 forte
853 555 1015 625 versiculi
1053 557 1170 649 plures

87 692 166 751 sunt
186 703 291 773 quam
318 679 411 772 petiti
445 688 558 762 erant,
594 674 785 747 remedium
810 691 942 771 praesto
973 687 1050 747 est:
1080 678 1169 749 duos

85 803 223 874 abiicite
244 822 334 893 quos
360 798 553 882 videbitur,
581 812 617 871 et
636 799 773 869 numeri
800 802 889 870 ratic
906 799 1088 871 constabit.
1112 801 1171 869 Sin

88 924 228 996 omnino
246 945 315 993 nou
337 924 486 1015 placent,
510 943 553 993 eo
570 943 626 992 ure
640 923 753 1012 magis
773 932 931 993 vestrum
950 922 1091 1007 credite,
1111 921 1171 1015 qui

88 1057 125 1114 ut
148 1043 248 1113 vobis
270 1042 445 1134 obsequar
465 1042 549 1111 mihi
577 1042 762 1124 adversor,
797 1065 887 1115 neve
913 1043 1043 1136 aliquid
1073 1043 1173 1114 vobis
1253 1084 1257 1089 ·

87 1179 146 1236 aut
168 1164 258 1234 natis
279 1163 398 1257 inclyti
413 1165 517 1233 Ducis
532 1185 676 1255 negem,
696 1167 810 1237 sciens
826 1187 867 1236 ac
884 1169 1009 1252 volens
1027 1156 1172 1258 idglorio

88 1286 211 1369 labori,
234 1284 269 1357 id
291 1286 417 1379 ipsum,
439 1285 541 1357 cuius
562 1286 646 1357 mihi
674 1288 820 1378 penuria
845 1289 970 1380 ingens
991 1302 1063 1373 est,
1086 1300 1172 1360 teru-

87 1429 154 1501 pus
175 1406 350 1502 impendo.
382 1406 539 1499 Ascripsi
569 1417 685 1478 autem
713 1409 747 1478 in
774 1411 933 1501 margine
959 1412 989 1482 si
1014 1412 1173 1504 quidest

87 1529 145 1599 ubi
169 1530 222 1598 vel
251 1528 422 1612 dubitem,
445 1531 502 1600 vel
525 1550 582 1600 res
608 1530 729 1601 eadem
757 1531 855 1602 varie
886 1530 954 1604 dici
988 1552 1094 1625 posse
1120 1531 1174 1601 vi-

87 1652 288 1735 deatur,·ut
304 1653 356 1723 sic
372 1652 496 1723 electio
515 1661 633 1724 vestra
656 1653 711 1723 sit.
734 1652 818 1722 Mihi
839 1653 1029 1724 enimcum
1049 1673 1172 1724 omnes

89 1777 201 1846 illusae
220 1774 337 1858 hodie,
356 1785 426 1844 tum
441 1775 615 1867 praecipue
629 1776 720 1845 illam
735 1774 864 1846 abesse
878 1774 1044 1868 perpendi
1065 1797 1172 1866 quam

87 1900 224 1968 Graiam
246 1896 340 1966 Graii
361 1908 497 1967 vocant.
525 1897 657 1968 Valete.
680 1897 814 1990 Scripta
844 1897 950 1967 rurali
976 1898 1109 1971 calamo
1136 1897 1170 1965 in

87 2019 193 2089 domo
212 2018 409 2089 Carthasim
429 2017 713 2101 Mediolanensis,
735 2018 792 2088 ubi
813 2028 972 2089 aestatem
993 2038 1071 2107 ago.

231 2173 364 2230 Kalendis
379 2174 551 2247 Septembris
566 2174 601 2230 ad
615 2190 770 2247 vesperam.
786 2171 964 2257 Mcucuvn.

112 2383 165 2451 En
179 2381 304 2452 domus
319 2379 469 2450 Andreae
482 2382 605 2452 Veneti
622 2384 728 2452 Ducis
741 2385 861 2453 ultima
875 2392 1006 2475 quauta
1022 2387 1099 2454 est‘?

187 2501 279 2569 Alta:
295 2499 358 2570 sed
374 2521 566 2591 assurgens
581 2502 737 2594 spiritus,
752 2512 846 2572 astra
860 2511 964 2572 tenet.

115 2620 254 2693 Publica
268 2623 330 2691 lux
344 2621 433 2692 iacet
445 2623 511 2704 hic,
527 2633 562 2694 et
574 2631 739 2715 quartum
754 2623 853 2693 sidus
864 2622 1035 2693 honorum

188 2745 313 2839 Stirpis
327 2742 532 2827 Danduleae,
547 2747 658 2836 gloria
670 2747 782 2839 prima
795 2743 935 2817 ducum.

112 2868 209 2937 Hunc
223 2868 326 2938 animi
340 2868 482 2960 vigilem
500 2870 684 2940 temeraria
702 2868 835 2939 Graecia
852 2868 970 2951 sensit,

186 2991 230 3061 Et
243 2990 331 3062 levis
343 2991 486 3084 antiquo
502 2991 638 3063 reddita
651 2993 752 3063 Creta
765 2992 860 3083 iugo:

116 3113 227 3195 Hunc,
241 3135 359 3185 comes
376 3113 540 3187 Albertus
556 3116 703 3210 Tyrolis,
717 3126 835 3187 nostra
850 3137 1045 3209 perurgens

186 3234 339 3305 Vastatis
361 3238 520 3331 propriis,
539 3237 600 3329 qui
622 3237 748 3307 meruit
770 3238 919 3307 veniam.

112 3355 218 3435 Hunc,
242 3355 461 3449 lustinopolis
483 3362 621 3430 fervens
642 3368 678 3429 et
698 3359 797 3430 ladra
821 3357 972 3440 rebellis,

185 3477 400 3548 Pertimuere
423 3489 572 3564 trucem,
595 3484 798 3574 percoluere
815 3481 920 3572 pium.

111 3599 172 3670 Hic
193 3599 349 3670 Genuam
372 3599 464 3671 bellu
485 3606 622 3686 claram,
645 3606 837 3696 pelagoque
860 3603 1046 3696 superbam

185 3720 305 3812 Fregit
326 3720 371 3792 ad
391 3722 588 3814 Algarium,
612 3725 826 3815 servitioque
843 3722 948 3794 dedit.

110 3847 243 3928 iustus,
268 3866 391 3916 amaus
412 3846 548 3938 patriae,
571 3867 716 3936 magnos
738 3848 792 3917 cui
812 3848 891 3918 lecit
911 3847 1057 3931 amicos,

186 3969 328 4059 ingenio
350 3978 537 4061 praest-ans,
559 3968 697 4059 cloquio
714 3968 942 4060 omnipotens.
