2670 4688
498 307 649 354 uersuum
672 309 734 354 xil.
1097 297 1153 358 331

77 455 227 524 maxime
253 452 440 547 optabilem
476 451 643 543 sapienti,
683 473 752 521 non
787 452 923 523 irritare
955 456 1090 525 animos
1121 467 1157 525 ut

74 577 283 669 pigerrimos
303 573 347 646 ad
365 595 468 644 omne
489 570 634 654 bonum,
651 572 700 642 sic
716 570 761 642 ad
775 574 904 642 malum
922 595 1023 645 omne
1042 597 1157 667 prom·

76 700 264 791 ptissimos.
291 699 382 768 Satis
411 695 571 766 odiorum
597 714 661 762 neo
683 695 799 765 minus
827 695 968 766 invidiae
988 707 1052 796 est.
1075 700 1158 768 Eni-

75 832 190 892 tamur
210 820 304 912 quod
327 827 488 910 superest
509 817 543 885 in
565 836 650 906 pace
680 837 804 903 agere;
835 817 930 908 quod
952 839 1064 910 neque
1089 820 1157 892 iam

75 946 235 1026 multum,
257 951 291 1013 et
308 953 403 1012 certe
419 960 567 1033 pronum
595 958 636 1007 ac
661 937 797 1009 declive
823 949 896 1019 est;
924 960 1038 1031 neque
1063 945 1157 1033 quod

73 1078 197 1136 natura
218 1067 298 1136 lecit
316 1064 519 1157 expeditum
546 1072 582 1131 et
606 1061 718 1142 facile
747 1061 926 1131 accersitis
954 1064 1043 1131 ultro
1069 1062 1156 1134 diffi-

73 1187 260 1257 cultatibus
282 1185 522 1257 intricandum.
538 1184 611 1253 Pax
633 1183 723 1252 bona
737 1181 839 1253 bonis
852 1183 1028 1268 omnibuS,
1051 1196 1155 1277 atque

73 1307 236 1378 omnibus
257 1309 366 1391 utilis,
389 1306 490 1377 nobis
511 1315 548 1376 et
567 1307 766 1376 necessaria
787 1315 852 1376 est.
875 1306 971 1375 Vale.

483 1743 659 1809 EPtst'ott
680 1744 738 1807 xv.

179 1908 373 1959 Fatuctsctts
395 1910 564 1959 salutauit
585 1909 761 1958 Fannutsco
783 1910 889 1960 BRUNO
911 1911 936 1959 S.
959 1911 988 1958 P.
1011 1912 1041 1958 Ι).

72 2044 164 2115 Opem
174 2044 294 2116 aliquam
304 2045 371 2098 ferri
382 2045 466 2099 rebus
476 2045 534 2098 suis
543 2044 701 2099 domesticis
710 2061 727 2098 a
735 2045 868 2098 Pontitlce
874 2047 994 2101 Maximo
1003 2048 1152 2118 desiderat,

287 2133 355 2205 quin
376 2139 469 2188 tamen
489 2133 575 2188 ullam
589 2150 737 2206 exposcere
753 2134 847 2189 abillo
862 2136 939 2192 velit.

166 2402 356 2492 Epistulam
380 2412 472 2470 tuam
506 2403 706 2491 apostolicis
734 2405 854 2473 litteris
885 2404 1049 2475 insertam
1083 2428 1151 2477 non

69 2533 201 2594 tantum
223 2524 324 2590 laetus
348 2531 384 2589 ut
405 2523 514 2600 soleo,
536 2520 599 2590 sed
622 2523 724 2590 solito
745 2523 856 2592 laetior
878 2523 961 2602 vidi;
983 2525 1152 2612 gravibus

68 2646 158 2715 enim
182 2665 237 2712 me
258 2642 352 2712 curis
372 2641 550 2734 explicuit.
570 2642 673 2724 Nam,
696 2643 845 2735 nequid
868 2653 899 2712 te
922 2663 989 2712 uon
1011 2653 1150 2713 actuum

67 2768 171 2839 modo
193 2765 253 2836 sed
273 2766 488 2856 cogitatuum
507 2785 661 2834 meorum
681 2766 799 2848 lateat,
829 2764 1009 2857 suspicari,
1033 2767 1149 2846 fateor,

66 2890 220 2960 nondum
238 2889 380 2981 quidem
403 2889 503 2979 plene
524 2910 712 2980 coeperam
736 2887 800 2957 sed
821 2888 888 2960 iam
911 2889 1062 2983 incipere
1081 2911 1153 2959 me-

66 3012 219 3095 ditabar,
244 3021 276 3080 te
295 3011 362 3079 mei
383 3007 550 3089 oblitum,
573 3030 642 3080 non
664 3010 746 3100 quia
769 3009 804 3080 id
825 3019 958 3081 naturae
974 3021 1064 3094 tuae,
1087 3030 1150 3079 seu

67 3133 223 3203 moribus
236 3132 451 3214 convenirem
466 3132 529 3204 sed
543 3135 705 3204 Fortunae
721 3134 930 3227 prosperitas
948 3143 1051 3214 certe,
1070 3153 1151 3222 quae

67 3278 243 3346 nunquam
266 3268 358 3326 tanta
387 3257 447 3325 tibi
474 3277 557 3326 esse
584 3266 698 3347 potest
722 3265 891 3347 quantum
918 3236 1035 3344 cupio,
1065 3250 1147 3322 obli·

68 3378 205 3448 vionem
228 3378 600 3469 amicitiarumparere
623 3376 736 3459 solita,
762 3396 948 3468 parumper
965 3373 1048 3442 mibi
1069 3393 1149 3443 esse

67 3498 249 3592 incipiebat
271 3520 386 3567 annuo
408 3500 473 3569 iam
502 3512 667 3591 suspecta
693 3499 840 3569 silentio.
867 3496 994 3566 Fecisti
1020 3494 1149 3586 optime

64 3622 159 3715 quod
183 3642 236 3692 me
256 3621 323 3690 hoc
349 3621 468 3691 labore
485 3622 589 3692 animi
613 3620 776 3691 liberasti.
807 3619 932 3702 Quievi
950 3618 1040 3687 illico
1062 3619 1183 3705 lecta,

64 3745 292 3816 excusatione
311 3757 384 3826 tua,
399 3764 505 3834 quam
524 3742 620 3834 prius
634 3763 681 3812 ex
698 3764 758 3811 orc
779 3741 878 3811 amici
901 3738 1147 3832 praevenientis

65 3868 254 3949 audieram,
278 3866 340 3937 sed
363 3885 489 3954 magna
510 3864 602 3956 apud
629 3886 684 3933 me
715 3874 771 3932 est
801 3864 935 3932 calamo
962 3872 1020 3931 tuo
1046 3859 1144 3932 fides,
1203 3837 1214 3855 κ

66 3991 206 4059 Aurem
227 3991 339 4060 venio.
360 3986 611 4061 sanctissimus
632 3985 795 4056 dominus
816 3995 935 4056 noster
955 3983 1040 4053 mibi
1060 3985 1145 4054 scri-

67 4109 149 4180 bere
168 4111 333 4201 dignatus
355 4121 424 4187 est,
448 4119 483 4180 et
504 4107 598 4199 quod
621 4105 750 4178 scribat
771 4108 875 4178 nosti:
900 4108 1031 4178 litteras
1050 4108 1143 4176 enirn
