2670 4688
252 327 347 376 niune
368 325 531 378 vrcssruus
552 325 942 381 sccundus-semrom
963 329 1016 377 xrr.
1120 317 1178 379 155

92 490 161 541 nou
198 490 369 542 numerus
390 470 471 576 ¹sed
504 468 695 543 auctoritas
724 468 874 541 testibus
904 468 1007 543 fidem
1037 473 1175 566 quaerit.

92 591 182 677 Quid
206 593 283 665 haec
304 592 411 685 igitur
438 591 555 665 sciens
588 612 690 682 agam
716 590 786 663 nisi
817 604 856 664 ut
883 604 1078 686 expectem,
1113 615 1176 669 seu

93 714 301 805 progrediar
333 715 393 785 vel
426 714 530 801 laetus
566 702 663 783 certe
700 713 757 784 vel
790 712 1007 807 intrepidus?
1039 715 1176 787 Laetum

93 835 181 907 mori
199 835 292 906 enim
313 833 418 906 nimis
436 836 506 905 alta
526 831 685 916 felicitas,
705 833 878 927 trepidum
893 856 981 906 vero
991 835 1095 906 nimis
1108 837 1177 907 ima

92 957 262 1047 fragilitas
281 969 359 1029 est:
378 956 650 1048 imperterritum
668 955 758 1027 inter
777 956 942 1027 terribilia
960 977 1041 1050 quae
1056 957 1177 1029 viden-

94 1090 151 1149 tur
171 1088 278 1162 stare,
300 1078 522 1171 immotisque
543 1088 687 1149 mortem
710 1078 821 1150 oculis
842 1090 1016 1170 spectare,
1042 1078 1078 1150 id
1104 1100 1178 1150 me-

92 1199 188 1272 dium
209 1199 351 1292 quidem
371 1209 408 1270 et
427 1203 582 1293 prolecto
602 1220 727 1271 verum
743 1198 812 1271 viri
827 1218 929 1292 opus.
947 1200 1045 1292 Fuga
1060 1211 1175 1272 autem

94 1323 216 1393 mortis
237 1344 318 1392 cum
338 1323 374 1392 in
396 1322 523 1393 iuvene
544 1322 664 1404 stulta,
686 1322 738 1393 sic
758 1321 792 1390 in
814 1343 899 1394 sene
921 1321 1079 1407 ridicula,
1101 1328 1177 1395 tum

92 1447 128 1518 in
149 1448 283 1518 cunctis
303 1446 465 1519 inefficax
485 1467 568 1517 esse
587 1444 868 1538 deprehenditur.
892 1446 974 1518 Sive
993 1447 1087 1518 enim
1111 1458 1177 1519 nc's

91 1567 138 1640 ad
155 1581 302 1642 mortem
322 1570 427 1653 imus,
446 1566 707 1660 utquibusdam
726 1569 854 1662 placet,
876 1570 954 1642 sive
971 1571 1029 1640 illa
1046 1567 1090 1640 ad
1111 1590 1177 1640 nos

93 1692 200 1777 venit,
222 1705 260 1765 ut
279 1694 357 1765 aliis
379 1693 496 1765 visum
515 1702 585 1771 est,
614 1689 693 1763 ficri
718 1699 832 1783 potest
856 1691 1049 1785 crebroque
1074 1690 1113 1762 lit
1140 1701 1177 1762 ut

94 1816 128 1886 in
148 1817 242 1888 illam
263 1817 346 1889 dum
368 1816 524 1907 rugimus
543 1814 751 1898 incidamus,
777 1826 961 1909 propterea
984 1813 1082 1906 quod
1105 1834 1176 1884 non

93 1955 235 2027 semper
255 1935 319 2007 sed
340 1957 483 2028 perraro
496 1937 551 2006 vel
564 1956 659 2027 qum,
676 1921 735 2006 uel
755 1935 814 2007 ubi
828 1935 983 2007 creditur
995 1954 1091 2006 mors
1103 1946 1174 2006 est:

96 2056 183 2150 quin
204 2078 298 2152 saepe
319 2059 397 2142 alia,
419 2079 517 2151 saepe
536 2058 631 2142 alibi,
654 2057 836 2151 maiorque
849 2078 929 2152 pars
945 2057 1122 2155 bominum
1142 2066 1178 2128 et

91 2180 160 2252 alio
181 2183 255 2255 loco
275 2192 314 2253 et
331 2183 400 2255 olio
419 2204 527 2274 quam
548 2180 694 2253 timebat
717 2202 848 2273 genero
872 2180 995 2254 mortis
1019 2178 1177 2251 absumi-

92 2315 171 2375 tur:
192 2312 228 2374 et
248 2302 436 2375 verissime
457 2304 506 2375 ait
526 2304 672 2375 Flaccus
691 2303 808 2396 quod:

575 2489 743 2568 improvisa
758 2488 811 2550 leti

345 2592 348 2597 ’
372 2584 424 2647 Vis
439 2585 542 2664 rapuit
554 2584 715 2665 rapietque
729 2594 843 2664 gentes.

95 2767 138 2839 Ut
155 2788 241 2861 ergo
255 2778 389 2861 pestem
409 2768 558 2858 logiam,
576 2788 656 2860 quae
672 2769 841 2842 hactenus
858 2768 979 2841 urbem
999 2769 1089 2842 banc
1107 2781 1177 2841 ter·

92 2892 161 2965 ruit
182 2891 418 2985 potiusquam
441 2892 586 2976 invasit,
608 2905 694 2986 quot
711 2901 795 2965 suot
806 2893 889 2978 alia,
906 2914 1011 2987 quam
1029 2892 1174 2966 diversa

91 3015 214 3087 mortis
230 3016 379 3110 spicula,
393 3014 521 3121 quibus
540 3016 743 3109 assequitur
757 3015 949 3110 fugientes,
969 3008 1004 3089 et
1019 3037 1171 3109 quorum

92 3139 179 3209 forte
198 3138 357 3232 plurimis
377 3136 601 3223 subductum,
629 3141 696 3211 uni.
712 3150 817 3233 caput
842 3139 992 3211 obiicioi
1018 3139 1081 3208 llic
1106 3139 1176 3207 ler-

92 3283 170 3333 rum
191 3273 351 3333 metuens
371 3240 554 3351 naufragio
574 3261 688 3355 periit,
711 3263 768 3331 ille
786 3263 971 3354 procellam
987 3259 1071 3329 dum
1087 3259 1175 3328 vitat

91 3401 293 3475 aequoream
313 3380 406 3453 hosti
427 3382 583 3474 iugulum
604 3383 758 3455 deditio
783 3385 910 3456 littore.
933 3383 1034 3452 lllum
1051 3377 1174 3471 praelio

89 3503 281 3596 lugientem
301 3503 381 3596 equi
402 3505 524 3597 lapsus
537 3504 654 3587 allisit,
671 3504 763 3577 bunc
774 3513 975 3600 parcentem
995 3496 1173 3572 laboribus

92 3648 197 3720 sopor
208 3638 244 3698 et
256 3626 398 3719 requies
412 3620 738 3746 oppressereqilide
756 3638 794 3699 ut
811 3622 1012 3697 Alexander
1029 3619 1174 3692 Macedo

92 3750 280 3843 pugnando
293 3749 462 3834 invictuS,
478 3747 628 3821 bibendo
645 3750 807 3820 vincitur.
823 3749 973 3837 magnus
987 3741 1172 3834 Pompeius

92 3873 283 3946 Thessaliae
299 3883 517 3967 superstesa
538 3892 576 3943 se
597 3880 750 3964 optatam
772 3871 808 3940 in
828 3869 1021 3962 AEgyptum
1040 3862 1172 3950 incidit,

92 3997 266 4091 tutiorque
290 3997 338 4067 illi
366 3995 501 4066 hostilis
526 3994 619 4067 acies
645 3993 709 4065 luit
732 4012 837 4084 quam
866 3989 1001 4060 clientis
1033 3985 1171 4057 domus

92 4118 199 4192 lulius
223 4120 343 4193 Caesar
368 4129 594 4192 externorum
620 4117 734 4190 victor
755 4113 907 4186 bostium
929 4134 950 4183 a
971 4109 1174 4183 domesticis
