<?xml version="1.0" encoding="UTF-8"?>
<!DOCTYPE html PUBLIC "-//W3C//DTD XHTML 1.0 Transitional//EN"
    "http://www.w3.org/TR/xhtml1/DTD/xhtml1-transitional.dtd">
<html xmlns="http://www.w3.org/1999/xhtml" xml:lang="en" lang="en">
 <head>
  <title>
</title>
<meta http-equiv="Content-Type" content="text/html;charset=utf-8" />
  <meta name='ocr-system' content='tesseract 3.04.00' />
  <meta name='ocr-capabilities' content='ocr_page ocr_carea ocr_par ocr_line ocrx_word'/>
</head>
<body>
  <div class='ocr_page' id='page_1' title='image "./epistolaederebu01fracgoog_0228.png"; bbox 0 0 2670 4688; ppageno 0'>
   <div class='ocr_carea' id='block_1_1' title="bbox 166 265 910 330">
    <p class='ocr_par' dir='ltr' id='par_1_1' title="bbox 166 265 910 330">
     <span class='ocr_line' id='line_1_1' title="bbox 166 265 910 330; baseline 0.001 -3"><span class='ocrx_word' id='word_1_1' title='bbox 166 265 225 328; x_wconf 76' lang='lat'>218</span> <span class='ocrx_word' id='word_1_2' title='bbox 504 281 545 329; x_wconf 81' lang='lat' dir='ltr'>ua</span> <span class='ocrx_word' id='word_1_3' title='bbox 567 280 668 330; x_wconf 86' lang='lat' dir='ltr'>ansus</span> <span class='ocrx_word' id='word_1_4' title='bbox 688 279 910 330; x_wconf 78' lang='lat' dir='ltr'>suuumuruus</span> 
     </span>
    </p>
   </div>
   <div class='ocr_carea' id='block_1_2' title="bbox 77 413 1256 4162">
    <p class='ocr_par' dir='ltr' id='par_1_2' title="bbox 77 413 1256 4162">
     <span class='ocr_line' id='line_1_2' title="bbox 167 413 1256 497; baseline 0.002 -14"><span class='ocrx_word' id='word_1_5' title='bbox 167 414 388 485; x_wconf 88' lang='lat' dir='ltr'>latiusoulum</span> <span class='ocrx_word' id='word_1_6' title='bbox 411 425 448 484; x_wconf 92' lang='lat' dir='ltr'>ut</span> <span class='ocrx_word' id='word_1_7' title='bbox 469 413 656 485; x_wconf 83' lang='lat' dir='ltr'>scriberem</span> <span class='ocrx_word' id='word_1_8' title='bbox 680 436 778 486; x_wconf 88' lang='lat' dir='ltr'>mens</span> <span class='ocrx_word' id='word_1_9' title='bbox 797 414 916 486; x_wconf 83' lang='lat' dir='ltr'>incidit</span> <span class='ocrx_word' id='word_1_10' title='bbox 932 426 967 485; x_wconf 89' lang='lat' dir='ltr'>et</span> <span class='ocrx_word' id='word_1_11' title='bbox 983 415 1060 485; x_wconf 88' lang='lat' dir='ltr'>leci.</span> <span class='ocrx_word' id='word_1_12' title='bbox 1076 415 1188 497; x_wconf 86' lang='lat' dir='ltr'><strong>Quem</strong></span> <span class='ocrx_word' id='word_1_13' title='bbox 1211 417 1256 485; x_wconf 89' lang='lat' dir='ltr'>li-</span> 
     </span>
     <span class='ocr_line' id='line_1_3' title="bbox 166 533 1253 628; baseline 0 -22"><span class='ocrx_word' id='word_1_14' title='bbox 166 535 295 606; x_wconf 90' lang='lat' dir='ltr'>bellum</span> <span class='ocrx_word' id='word_1_15' title='bbox 316 533 512 616; x_wconf 81' lang='lat' dir='ltr'>habuisses,</span> <span class='ocrx_word' id='word_1_16' title='bbox 532 537 599 607; x_wconf 93' lang='lat' dir='ltr'>nisi</span> <span class='ocrx_word' id='word_1_17' title='bbox 618 537 699 628; x_wconf 88' lang='lat' dir='ltr'>quia</span> <span class='ocrx_word' id='word_1_18' title='bbox 720 546 755 606; x_wconf 91' lang='lat' dir='ltr'>et</span> <span class='ocrx_word' id='word_1_19' title='bbox 770 559 837 628; x_wconf 79' lang='lat' dir='ltr'>ego</span> <span class='ocrx_word' id='word_1_20' title='bbox 850 537 916 607; x_wconf 90' lang='lat' dir='ltr'>iam</span> <span class='ocrx_word' id='word_1_21' title='bbox 932 534 1102 606; x_wconf 89' lang='lat' dir='ltr'>scribendi</span> <span class='ocrx_word' id='word_1_22' title='bbox 1118 538 1253 621; x_wconf 88' lang='lat' dir='ltr'>lessus,</span> 
     </span>
     <span class='ocr_line' id='line_1_4' title="bbox 166 656 1255 729; baseline 0.001 -1"><span class='ocrx_word' id='word_1_23' title='bbox 166 669 202 728; x_wconf 89' lang='lat' dir='ltr'>et</span> <span class='ocrx_word' id='word_1_24' title='bbox 221 656 359 728; x_wconf 90' lang='lat' dir='ltr'>adiutor</span> <span class='ocrx_word' id='word_1_25' title='bbox 380 659 506 726; x_wconf 91' lang='lat' dir='ltr'>nullus.</span> <span class='ocrx_word' id='word_1_26' title='bbox 529 657 637 727; x_wconf 84' lang='lat' dir='ltr'>Amici</span> <span class='ocrx_word' id='word_1_27' title='bbox 659 657 750 729; x_wconf 89' lang='lat' dir='ltr'>enim</span> <span class='ocrx_word' id='word_1_28' title='bbox 773 661 828 728; x_wconf 93' lang='lat' dir='ltr'>vel</span> <span class='ocrx_word' id='word_1_29' title='bbox 845 658 1009 727; x_wconf 89' lang='lat' dir='ltr'>absentes</span> <span class='ocrx_word' id='word_1_30' title='bbox 1026 659 1081 727; x_wconf 87' lang='lat' dir='ltr'>vel</span> <span class='ocrx_word' id='word_1_31' title='bbox 1103 658 1179 727; x_wconf 91' lang='lat' dir='ltr'>suis</span> <span class='ocrx_word' id='word_1_32' title='bbox 1194 682 1255 729; x_wconf 91' lang='lat' dir='ltr'>re-</span> 
     </span>
     <span class='ocr_line' id='line_1_5' title="bbox 165 776 1253 873; baseline 0.002 -26"><span class='ocrx_word' id='word_1_33' title='bbox 165 776 232 849; x_wconf 90' lang='lat' dir='ltr'>bus</span> <span class='ocrx_word' id='word_1_34' title='bbox 253 777 416 869; x_wconf 77' lang='lat' dir='ltr'>impliciti,</span> <span class='ocrx_word' id='word_1_35' title='bbox 435 791 636 873; x_wconf 80' lang='lat' dir='ltr'>occupatam</span> <span class='ocrx_word' id='word_1_36' title='bbox 656 799 718 848; x_wconf 88' lang='lat' dir='ltr'>seu</span> <span class='ocrx_word' id='word_1_37' title='bbox 733 780 955 870; x_wconf 81' lang='lat' dir='ltr'>longinquam</span> <span class='ocrx_word' id='word_1_38' title='bbox 969 779 1253 849; x_wconf 79' lang='lat' dir='ltr'>mibideuteram</span> 
     </span>
     <span class='ocr_line' id='line_1_6' title="bbox 166 900 1254 995; baseline -0.001 -24"><span class='ocrx_word' id='word_1_39' title='bbox 166 900 392 972; x_wconf 82' lang='lat' dir='ltr'>accomodare</span> <span class='ocrx_word' id='word_1_40' title='bbox 413 923 479 972; x_wconf 92' lang='lat' dir='ltr'>non</span> <span class='ocrx_word' id='word_1_41' title='bbox 508 913 665 995; x_wconf 85' lang='lat' dir='ltr'>possunt.</span> <span class='ocrx_word' id='word_1_42' title='bbox 692 902 830 984; x_wconf 85' lang='lat' dir='ltr'>Quanta</span> <span class='ocrx_word' id='word_1_43' title='bbox 856 922 942 972; x_wconf 89' lang='lat' dir='ltr'>vero</span> <span class='ocrx_word' id='word_1_44' title='bbox 968 900 1014 971; x_wconf 90' lang='lat' dir='ltr'>sit</span> <span class='ocrx_word' id='word_1_45' title='bbox 1039 901 1254 992; x_wconf 91' lang='lat' dir='ltr'>scriptorum</span> 
     </span>
     <span class='ocr_line' id='line_1_7' title="bbox 167 1021 1254 1115; baseline -0.001 -22"><span class='ocrx_word' id='word_1_46' title='bbox 167 1021 265 1107; x_wconf 69' lang='lat' dir='ltr'>fides</span> <span class='ocrx_word' id='word_1_47' title='bbox 277 1035 407 1115; x_wconf 87' lang='lat' dir='ltr'>quauta</span> <span class='ocrx_word' id='word_1_48' title='bbox 421 1024 628 1111; x_wconf 84' lang='lat' dir='ltr'>constantia,</span> <span class='ocrx_word' id='word_1_49' title='bbox 646 1036 798 1114; x_wconf 88' lang='lat' dir='ltr'>quantus</span> <span class='ocrx_word' id='word_1_50' title='bbox 812 1023 963 1114; x_wconf 87' lang='lat' dir='ltr'>denique</span> <span class='ocrx_word' id='word_1_51' title='bbox 977 1023 1170 1093; x_wconf 86' lang='lat' dir='ltr'>intellectus</span> <span class='ocrx_word' id='word_1_52' title='bbox 1182 1042 1254 1092; x_wconf 83' lang='lat' dir='ltr'>ex-</span> 
     </span>
     <span class='ocr_line' id='line_1_8' title="bbox 168 1144 1254 1239; baseline -0.001 -24"><span class='ocrx_word' id='word_1_53' title='bbox 168 1145 254 1239; x_wconf 87' lang='lat' dir='ltr'>perti</span> <span class='ocrx_word' id='word_1_54' title='bbox 275 1166 409 1216; x_wconf 91' lang='lat' dir='ltr'>sumus.</span> <span class='ocrx_word' id='word_1_55' title='bbox 424 1145 632 1216; x_wconf 88' lang='lat' dir='ltr'>Pollicentur</span> <span class='ocrx_word' id='word_1_56' title='bbox 645 1144 800 1237; x_wconf 84' lang='lat' dir='ltr'>plurima,</span> <span class='ocrx_word' id='word_1_57' title='bbox 816 1155 1043 1235; x_wconf 89' lang='lat' dir='ltr'>corrumpunt</span> <span class='ocrx_word' id='word_1_58' title='bbox 1055 1144 1182 1226; x_wconf 87' lang='lat' dir='ltr'>omnia,</span> <span class='ocrx_word' id='word_1_59' title='bbox 1198 1145 1254 1214; x_wconf 91' lang='lat' dir='ltr'>ui·</span> 
     </span>
     <span class='ocr_line' id='line_1_9' title="bbox 168 1263 1254 1360; baseline 0 -23"><span class='ocrx_word' id='word_1_60' title='bbox 168 1266 215 1338; x_wconf 90' lang='lat' dir='ltr'>hil</span> <span class='ocrx_word' id='word_1_61' title='bbox 235 1264 443 1360; x_wconf 83' lang='lat' dir='ltr'>expediunt:</span> <span class='ocrx_word' id='word_1_62' title='bbox 468 1267 559 1336; x_wconf 93' lang='lat' dir='ltr'>unde</span> <span class='ocrx_word' id='word_1_63' title='bbox 581 1265 614 1335; x_wconf 93' lang='lat' dir='ltr'>in</span> <span class='ocrx_word' id='word_1_64' title='bbox 635 1266 768 1346; x_wconf 92' lang='lat' dir='ltr'>multis,</span> <span class='ocrx_word' id='word_1_65' title='bbox 784 1263 877 1355; x_wconf 94' lang='lat' dir='ltr'>quod</span> <span class='ocrx_word' id='word_1_66' title='bbox 891 1265 924 1333; x_wconf 95' lang='lat' dir='ltr'>in</span> <span class='ocrx_word' id='word_1_67' title='bbox 940 1286 995 1334; x_wconf 91' lang='lat' dir='ltr'>me</span> <span class='ocrx_word' id='word_1_68' title='bbox 1013 1265 1155 1356; x_wconf 91' lang='lat' dir='ltr'>quidem</span> <span class='ocrx_word' id='word_1_69' title='bbox 1170 1287 1254 1337; x_wconf 92' lang='lat' dir='ltr'>sen-</span> 
     </span>
     <span class='ocr_line' id='line_1_10' title="bbox 167 1386 1253 1479; baseline 0 -19"><span class='ocrx_word' id='word_1_70' title='bbox 167 1392 227 1473; x_wconf 89' lang='lat' dir='ltr'>tio,</span> <span class='ocrx_word' id='word_1_71' title='bbox 250 1389 285 1460; x_wconf 90' lang='lat' dir='ltr'>iu</span> <span class='ocrx_word' id='word_1_72' title='bbox 305 1389 382 1460; x_wconf 85' lang='lat' dir='ltr'>aliis</span> <span class='ocrx_word' id='word_1_73' title='bbox 403 1408 568 1479; x_wconf 79' lang='lat' dir='ltr'>auguror,</span> <span class='ocrx_word' id='word_1_74' title='bbox 592 1387 738 1478; x_wconf 88' lang='lat' dir='ltr'>tepescit</span> <span class='ocrx_word' id='word_1_75' title='bbox 763 1407 931 1457; x_wconf 85' lang='lat' dir='ltr'>novarum</span> <span class='ocrx_word' id='word_1_76' title='bbox 954 1386 1058 1457; x_wconf 89' lang='lat' dir='ltr'>ardor</span> <span class='ocrx_word' id='word_1_77' title='bbox 1078 1387 1253 1460; x_wconf 79' lang='lat' dir='ltr'>inventio</span> 
     </span>
     <span class='ocr_line' id='line_1_11' title="bbox 165 1506 1252 1599; baseline 0.001 -19"><span class='ocrx_word' id='word_1_78' title='bbox 165 1531 258 1590; x_wconf 91' lang='lat' dir='ltr'>uum,</span> <span class='ocrx_word' id='word_1_79' title='bbox 279 1518 372 1579; x_wconf 91' lang='lat' dir='ltr'>metu</span> <span class='ocrx_word' id='word_1_80' title='bbox 394 1507 519 1578; x_wconf 88' lang='lat' dir='ltr'>iniecto</span> <span class='ocrx_word' id='word_1_81' title='bbox 539 1528 583 1578; x_wconf 87' lang='lat' dir='ltr'>ne</span> <span class='ocrx_word' id='word_1_82' title='bbox 605 1506 780 1599; x_wconf 89' lang='lat' dir='ltr'>speciosas</span> <span class='ocrx_word' id='word_1_83' title='bbox 800 1527 903 1577; x_wconf 88' lang='lat' dir='ltr'>ouras</span> <span class='ocrx_word' id='word_1_84' title='bbox 926 1518 1003 1578; x_wconf 87' lang='lat' dir='ltr'>tuas</span> <span class='ocrx_word' id='word_1_85' title='bbox 1018 1508 1129 1579; x_wconf 88' lang='lat' dir='ltr'>aliena</span> <span class='ocrx_word' id='word_1_86' title='bbox 1142 1509 1252 1583; x_wconf 87' lang='lat' dir='ltr'>loedet</span> 
     </span>
     <span class='ocr_line' id='line_1_12' title="bbox 169 1626 1252 1722; baseline 0.004 -23"><span class='ocrx_word' id='word_1_87' title='bbox 169 1627 313 1699; x_wconf 87' lang='lat' dir='ltr'>incuria.</span> <span class='ocrx_word' id='word_1_88' title='bbox 335 1629 395 1697; x_wconf 91' lang='lat' dir='ltr'>llle</span> <span class='ocrx_word' id='word_1_89' title='bbox 415 1637 533 1698; x_wconf 87' lang='lat' dir='ltr'>autem</span> <span class='ocrx_word' id='word_1_90' title='bbox 554 1626 746 1699; x_wconf 91' lang='lat' dir='ltr'>industrius</span> <span class='ocrx_word' id='word_1_91' title='bbox 763 1627 968 1699; x_wconf 90' lang='lat' dir='ltr'>adolescens</span> <span class='ocrx_word' id='word_1_92' title='bbox 990 1641 1121 1711; x_wconf 91' lang='lat' dir='ltr'>noster,</span> <span class='ocrx_word' id='word_1_93' title='bbox 1144 1652 1252 1722; x_wconf 89' lang='lat' dir='ltr'>quem</span> 
     </span>
     <span class='ocr_line' id='line_1_13' title="bbox 166 1748 1254 1840; baseline 0.006 -22"><span class='ocrx_word' id='word_1_94' title='bbox 166 1748 255 1821; x_wconf 84' lang='lat' dir='ltr'>iuter</span> <span class='ocrx_word' id='word_1_95' title='bbox 273 1758 387 1820; x_wconf 86' lang='lat' dir='ltr'>tantas</span> <span class='ocrx_word' id='word_1_96' title='bbox 405 1770 519 1820; x_wconf 89' lang='lat' dir='ltr'>rerum</span> <span class='ocrx_word' id='word_1_97' title='bbox 533 1748 754 1821; x_wconf 84' lang='lat' dir='ltr'>difficultates</span> <span class='ocrx_word' id='word_1_98' title='bbox 769 1763 837 1820; x_wconf 88' lang='lat' dir='ltr'>tres</span> <span class='ocrx_word' id='word_1_99' title='bbox 849 1759 885 1820; x_wconf 92' lang='lat' dir='ltr'>et</span> <span class='ocrx_word' id='word_1_100' title='bbox 898 1750 1021 1840; x_wconf 79' lang='lat' dir='ltr'>viginti</span> <span class='ocrx_word' id='word_1_101' title='bbox 1038 1772 1149 1822; x_wconf 89' lang='lat' dir='ltr'>annos</span> <span class='ocrx_word' id='word_1_102' title='bbox 1164 1753 1254 1824; x_wconf 92' lang='lat' dir='ltr'>edu·</span> 
     </span>
     <span class='ocr_line' id='line_1_14' title="bbox 165 1871 1254 1963; baseline 0.003 -19"><span class='ocrx_word' id='word_1_103' title='bbox 165 1871 337 1957; x_wconf 86' lang='lat' dir='ltr'>cavimus,</span> <span class='ocrx_word' id='word_1_104' title='bbox 361 1882 398 1943; x_wconf 95' lang='lat' dir='ltr'>ut</span> <span class='ocrx_word' id='word_1_105' title='bbox 419 1871 676 1963; x_wconf 77' lang='lat' dir='ltr'>ingravescenti</span> <span class='ocrx_word' id='word_1_106' title='bbox 693 1876 787 1944; x_wconf 87' lang='lat' dir='ltr'>aetati</span> <span class='ocrx_word' id='word_1_107' title='bbox 805 1886 841 1945; x_wconf 83' lang='lat' dir='ltr'>et</span> <span class='ocrx_word' id='word_1_108' title='bbox 858 1872 1015 1943; x_wconf 90' lang='lat' dir='ltr'>laborum</span> <span class='ocrx_word' id='word_1_109' title='bbox 1030 1875 1201 1957; x_wconf 88' lang='lat' dir='ltr'>levamen,</span> <span class='ocrx_word' id='word_1_110' title='bbox 1216 1887 1254 1947; x_wconf 89' lang='lat' dir='ltr'>et</span> 
     </span>
     <span class='ocr_line' id='line_1_15' title="bbox 165 1994 1253 2089; baseline 0 -23"><span class='ocrx_word' id='word_1_111' title='bbox 165 1994 507 2067; x_wconf 88' lang='lat' dir='ltr'>domesticumdeous</span> <span class='ocrx_word' id='word_1_112' title='bbox 521 2004 661 2065; x_wconf 84' lang='lat' dir='ltr'>essolet</span> <span class='ocrx_word' id='word_1_113' title='bbox 670 1995 844 2085; x_wconf 81' lang='lat' dir='ltr'>gaudium,</span> <span class='ocrx_word' id='word_1_114' title='bbox 860 1996 916 2066; x_wconf 90' lang='lat' dir='ltr'>ille</span> <span class='ocrx_word' id='word_1_115' title='bbox 930 1995 1014 2065; x_wconf 91' lang='lat' dir='ltr'>mihi</span> <span class='ocrx_word' id='word_1_116' title='bbox 1029 1995 1103 2089; x_wconf 82' lang='lat' dir='ltr'>(obl</span> <span class='ocrx_word' id='word_1_117' title='bbox 1121 1997 1253 2066; x_wconf 81' lang='lat' dir='ltr'>salsum</span> 
     </span>
     <span class='ocr_line' id='line_1_16' title="bbox 167 2115 1252 2210; baseline 0.001 -21"><span class='ocrx_word' id='word_1_118' title='bbox 167 2137 270 2210; x_wconf 83' lang='lat' dir='ltr'>aeque</span> <span class='ocrx_word' id='word_1_119' title='bbox 292 2118 358 2188; x_wconf 90' lang='lat' dir='ltr'>illis</span> <span class='ocrx_word' id='word_1_120' title='bbox 380 2117 467 2190; x_wconf 88' lang='lat' dir='ltr'>meis</span> <span class='ocrx_word' id='word_1_121' title='bbox 488 2115 534 2186; x_wconf 89' lang='lat' dir='ltr'>ad</span> <span class='ocrx_word' id='word_1_122' title='bbox 558 2127 592 2186; x_wconf 87' lang='lat' dir='ltr'>te</span> <span class='ocrx_word' id='word_1_123' title='bbox 611 2117 734 2188; x_wconf 83' lang='lat' dir='ltr'>litteris</span> <span class='ocrx_word' id='word_1_124' title='bbox 750 2115 964 2189; x_wconf 89' lang='lat' dir='ltr'>eradendum</span> <span class='ocrx_word' id='word_1_125' title='bbox 990 2119 1114 2187; x_wconf 89' lang='lat' dir='ltr'>mentis</span> <span class='ocrx_word' id='word_1_126' title='bbox 1134 2139 1252 2208; x_wconf 79' lang='lat' dir='ltr'>augu-</span> 
     </span>
     <span class='ocr_line' id='line_1_17' title="bbox 169 2237 1255 2330; baseline 0.005 -22"><span class='ocrx_word' id='word_1_127' title='bbox 169 2238 271 2328; x_wconf 85' lang='lat' dir='ltr'>rium)</span> <span class='ocrx_word' id='word_1_128' title='bbox 290 2260 372 2309; x_wconf 89' lang='lat' dir='ltr'>ecce</span> <span class='ocrx_word' id='word_1_129' title='bbox 390 2239 513 2309; x_wconf 91' lang='lat' dir='ltr'>unicus</span> <span class='ocrx_word' id='word_1_130' title='bbox 530 2239 614 2308; x_wconf 88' lang='lat' dir='ltr'>vitae</span> <span class='ocrx_word' id='word_1_131' title='bbox 628 2237 740 2321; x_wconf 87' lang='lat' dir='ltr'>labor,</span> <span class='ocrx_word' id='word_1_132' title='bbox 765 2239 886 2310; x_wconf 91' lang='lat' dir='ltr'>unicus</span> <span class='ocrx_word' id='word_1_133' title='bbox 906 2238 1033 2330; x_wconf 91' lang='lat' dir='ltr'>pudor,</span> <span class='ocrx_word' id='word_1_134' title='bbox 1049 2239 1172 2310; x_wconf 91' lang='lat' dir='ltr'>unicus</span> <span class='ocrx_word' id='word_1_135' title='bbox 1188 2239 1255 2313; x_wconf 92' lang='lat' dir='ltr'>do-</span> 
     </span>
     <span class='ocr_line' id='line_1_18' title="bbox 167 2359 1255 2454; baseline 0.005 -25"><span class='ocrx_word' id='word_1_136' title='bbox 167 2359 220 2430; x_wconf 88' lang='lat' dir='ltr'>lor</span> <span class='ocrx_word' id='word_1_137' title='bbox 237 2367 308 2442; x_wconf 88' lang='lat' dir='ltr'>est;</span> <span class='ocrx_word' id='word_1_138' title='bbox 329 2371 519 2452; x_wconf 87' lang='lat' dir='ltr'>contraque</span> <span class='ocrx_word' id='word_1_139' title='bbox 540 2361 748 2454; x_wconf 80' lang='lat' dir='ltr'>praesagium</span> <span class='ocrx_word' id='word_1_140' title='bbox 774 2383 889 2432; x_wconf 90' lang='lat' dir='ltr'>meum</span> <span class='ocrx_word' id='word_1_141' title='bbox 915 2359 1014 2440; x_wconf 90' lang='lat' dir='ltr'>illud,</span> <span class='ocrx_word' id='word_1_142' title='bbox 1035 2371 1071 2431; x_wconf 88' lang='lat' dir='ltr'>et</span> <span class='ocrx_word' id='word_1_143' title='bbox 1095 2362 1255 2434; x_wconf 74' lang='lat' dir='ltr'>scientim</span> 
     </span>
     <span class='ocr_line' id='line_1_19' title="bbox 165 2480 1255 2574; baseline 0.001 -22"><span class='ocrx_word' id='word_1_144' title='bbox 165 2482 196 2552; x_wconf 93' lang='lat' dir='ltr'>si</span> <span class='ocrx_word' id='word_1_145' title='bbox 224 2480 309 2553; x_wconf 89' lang='lat' dir='ltr'>volit</span> <span class='ocrx_word' id='word_1_146' title='bbox 337 2480 541 2574; x_wconf 88' lang='lat' dir='ltr'>aptissimus</span> <span class='ocrx_word' id='word_1_147' title='bbox 575 2492 610 2552; x_wconf 92' lang='lat' dir='ltr'>et</span> <span class='ocrx_word' id='word_1_148' title='bbox 643 2484 780 2565; x_wconf 88' lang='lat' dir='ltr'>uirtuti,</span> <span class='ocrx_word' id='word_1_149' title='bbox 808 2481 920 2553; x_wconf 81' lang='lat' dir='ltr'>bostis</span> <span class='ocrx_word' id='word_1_150' title='bbox 946 2484 1101 2574; x_wconf 88' lang='lat' dir='ltr'>utrique,</span> <span class='ocrx_word' id='word_1_151' title='bbox 1138 2484 1255 2574; x_wconf 89' lang='lat' dir='ltr'>pessi-</span> 
     </span>
     <span class='ocr_line' id='line_1_20' title="bbox 165 2602 1254 2687; baseline -0.002 -11"><span class='ocrx_word' id='word_1_152' title='bbox 165 2605 233 2676; x_wconf 87' lang='lat' dir='ltr'>mis</span> <span class='ocrx_word' id='word_1_153' title='bbox 264 2603 438 2687; x_wconf 89' lang='lat' dir='ltr'>moribus,</span> <span class='ocrx_word' id='word_1_154' title='bbox 470 2603 581 2685; x_wconf 90' lang='lat' dir='ltr'>iners,</span> <span class='ocrx_word' id='word_1_155' title='bbox 621 2605 778 2687; x_wconf 88' lang='lat' dir='ltr'>invidus,</span> <span class='ocrx_word' id='word_1_156' title='bbox 811 2617 999 2677; x_wconf 84' lang='lat' dir='ltr'>contumax</span> <span class='ocrx_word' id='word_1_157' title='bbox 1035 2627 1075 2676; x_wconf 90' lang='lat' dir='ltr'>ac</span> <span class='ocrx_word' id='word_1_158' title='bbox 1108 2602 1254 2674; x_wconf 87' lang='lat' dir='ltr'>rebellis</span> 
     </span>
     <span class='ocr_line' id='line_1_21' title="bbox 165 2723 1254 2820; baseline 0 -23"><span class='ocrx_word' id='word_1_159' title='bbox 165 2723 368 2820; x_wconf 83' lang='lat' dir='ltr'>passionum</span> <span class='ocrx_word' id='word_1_160' title='bbox 390 2746 516 2796; x_wconf 88' lang='lat' dir='ltr'>servus</span> <span class='ocrx_word' id='word_1_161' title='bbox 544 2736 765 2819; x_wconf 86' lang='lat' dir='ltr'>sectatorque</span> <span class='ocrx_word' id='word_1_162' title='bbox 791 2728 983 2798; x_wconf 87' lang='lat' dir='ltr'>libidinum.</span> <span class='ocrx_word' id='word_1_163' title='bbox 1011 2726 1078 2796; x_wconf 85' lang='lat' dir='ltr'>Sed</span> <span class='ocrx_word' id='word_1_164' title='bbox 1106 2724 1254 2797; x_wconf 82' lang='lat' dir='ltr'>serenda</span> 
     </span>
     <span class='ocr_line' id='line_1_22' title="bbox 165 2830 1251 2941; baseline -0.002 -21"><span class='ocrx_word' id='word_1_165' title='bbox 165 2848 331 2923; x_wconf 87' lang='lat' dir='ltr'>omniane</span> <span class='ocrx_word' id='word_1_166' title='bbox 340 2847 398 2919; x_wconf 92' lang='lat' dir='ltr'>illa</span> <span class='ocrx_word' id='word_1_167' title='bbox 411 2848 503 2927; x_wconf 89' lang='lat' dir='ltr'>mibi,</span> <span class='ocrx_word' id='word_1_168' title='bbox 517 2846 562 2919; x_wconf 93' lang='lat' dir='ltr'>de</span> <span class='ocrx_word' id='word_1_169' title='bbox 579 2830 648 2941; x_wconf 86' lang='lat' dir='ltr'>qua</span> <span class='ocrx_word' id='word_1_170' title='bbox 663 2851 784 2941; x_wconf 90' lang='lat' dir='ltr'>loquor</span> <span class='ocrx_word' id='word_1_171' title='bbox 796 2869 973 2939; x_wconf 88' lang='lat' dir='ltr'>quamque</span> <span class='ocrx_word' id='word_1_172' title='bbox 987 2849 1021 2916; x_wconf 92' lang='lat' dir='ltr'>in</span> <span class='ocrx_word' id='word_1_173' title='bbox 1031 2847 1108 2917; x_wconf 89' lang='lat' dir='ltr'>aliis</span> <span class='ocrx_word' id='word_1_174' title='bbox 1124 2847 1251 2932; x_wconf 89' lang='lat' dir='ltr'>laudo,</span> 
     </span>
     <span class='ocr_line' id='line_1_23' title="bbox 77 2968 1252 3062; baseline -0.003 -17"><span class='ocrx_word' id='word_1_175' title='bbox 77 2974 85 2983; x_wconf 78' lang='grc'>’</span> <span class='ocrx_word' id='word_1_176' title='bbox 165 2970 321 3045; x_wconf 74' lang='lat' dir='ltr'>defuisse</span> <span class='ocrx_word' id='word_1_177' title='bbox 341 2971 428 3043; x_wconf 88' lang='lat' dir='ltr'>meis</span> <span class='ocrx_word' id='word_1_178' title='bbox 445 2969 479 3040; x_wconf 93' lang='lat' dir='ltr'>in</span> <span class='ocrx_word' id='word_1_179' title='bbox 497 2968 604 3041; x_wconf 90' lang='lat' dir='ltr'>rebus</span> <span class='ocrx_word' id='word_1_180' title='bbox 626 2971 789 3062; x_wconf 82' lang='lat' dir='ltr'>patientia</span> <span class='ocrx_word' id='word_1_181' title='bbox 806 2968 977 3040; x_wconf 87' lang='lat' dir='ltr'>videatur.</span> <span class='ocrx_word' id='word_1_182' title='bbox 998 2970 1115 3039; x_wconf 86' lang='lat' dir='ltr'>Laetus</span> <span class='ocrx_word' id='word_1_183' title='bbox 1130 2969 1252 3042; x_wconf 84' lang='lat' dir='ltr'>dicere</span> 
     </span>
     <span class='ocr_line' id='line_1_24' title="bbox 166 3091 1250 3183; baseline -0.005 -16"><span class='ocrx_word' id='word_1_184' title='bbox 166 3115 237 3167; x_wconf 89' lang='lat' dir='ltr'>uou</span> <span class='ocrx_word' id='word_1_185' title='bbox 255 3091 380 3172; x_wconf 81' lang='lat' dir='ltr'>audeo,</span> <span class='ocrx_word' id='word_1_186' title='bbox 398 3093 464 3164; x_wconf 89' lang='lat' dir='ltr'>sed</span> <span class='ocrx_word' id='word_1_187' title='bbox 483 3095 590 3163; x_wconf 86' lang='lat' dir='ltr'>leram</span> <span class='ocrx_word' id='word_1_188' title='bbox 607 3093 743 3176; x_wconf 89' lang='lat' dir='ltr'>voleus,</span> <span class='ocrx_word' id='word_1_189' title='bbox 765 3112 809 3162; x_wconf 93' lang='lat' dir='ltr'>ne</span> <span class='ocrx_word' id='word_1_190' title='bbox 826 3101 966 3161; x_wconf 89' lang='lat' dir='ltr'>coactus</span> <span class='ocrx_word' id='word_1_191' title='bbox 987 3094 1105 3161; x_wconf 89' lang='lat' dir='ltr'>leram.</span> <span class='ocrx_word' id='word_1_192' title='bbox 1125 3091 1250 3183; x_wconf 85' lang='lat' dir='ltr'>Neque</span> 
     </span>
     <span class='ocr_line' id='line_1_25' title="bbox 168 3211 1252 3312; baseline -0.005 -23"><span class='ocrx_word' id='word_1_193' title='bbox 168 3239 255 3289; x_wconf 74' lang='lat' dir='ltr'>aero</span> <span class='ocrx_word' id='word_1_194' title='bbox 271 3216 348 3312; x_wconf 87' lang='lat' dir='ltr'>ipse</span> <span class='ocrx_word' id='word_1_195' title='bbox 365 3214 430 3287; x_wconf 88' lang='lat' dir='ltr'>sim</span> <span class='ocrx_word' id='word_1_196' title='bbox 453 3214 630 3296; x_wconf 81' lang='lat' dir='ltr'>terendus,</span> <span class='ocrx_word' id='word_1_197' title='bbox 650 3216 679 3284; x_wconf 91' lang='lat' dir='ltr'>si</span> <span class='ocrx_word' id='word_1_198' title='bbox 700 3237 779 3286; x_wconf 92' lang='lat' dir='ltr'>cum</span> <span class='ocrx_word' id='word_1_199' title='bbox 796 3211 1004 3283; x_wconf 78' lang='lat' dir='ltr'>fortissimus</span> <span class='ocrx_word' id='word_1_200' title='bbox 1018 3223 1054 3283; x_wconf 89' lang='lat' dir='ltr'>et</span> <span class='ocrx_word' id='word_1_201' title='bbox 1071 3213 1252 3284; x_wconf 85' lang='lat' dir='ltr'>maximus</span> 
     </span>
     <span class='ocr_line' id='line_1_26' title="bbox 169 3334 1252 3429; baseline -0.005 -18"><span class='ocrx_word' id='word_1_202' title='bbox 169 3338 347 3411; x_wconf 65' lang='lat' dir='ltr'>anunm</span> <span class='ocrx_word' id='word_1_203' title='bbox 366 3337 546 3429; x_wconf 76' lang='lat' dir='ltr'>Augustus</span> <span class='ocrx_word' id='word_1_204' title='bbox 568 3348 651 3420; x_wconf 89' lang='lat' dir='ltr'>tres,</span> <span class='ocrx_word' id='word_1_205' title='bbox 667 3346 704 3407; x_wconf 91' lang='lat' dir='ltr'>ut</span> <span class='ocrx_word' id='word_1_206' title='bbox 724 3337 798 3429; x_wconf 90' lang='lat' dir='ltr'>ipse</span> <span class='ocrx_word' id='word_1_207' title='bbox 811 3334 998 3419; x_wconf 86' lang='lat' dir='ltr'>vocitabat,</span> <span class='ocrx_word' id='word_1_208' title='bbox 1019 3337 1252 3407; x_wconf 86' lang='lat' dir='ltr'>vomicassuo</span> 
     </span>
     <span class='ocr_line' id='line_1_27' title="bbox 167 3456 1252 3554; baseline -0.005 -21"><span class='ocrx_word' id='word_1_209' title='bbox 167 3461 211 3533; x_wconf 75' lang='lat' dir='ltr'>dr</span> <span class='ocrx_word' id='word_1_210' title='bbox 232 3461 403 3554; x_wconf 65' lang='lat' dir='ltr'>sunguine</span> <span class='ocrx_word' id='word_1_211' title='bbox 423 3459 550 3541; x_wconf 89' lang='lat' dir='ltr'>tulerit,</span> <span class='ocrx_word' id='word_1_212' title='bbox 573 3480 639 3548; x_wconf 83' lang='lat' dir='ltr'>ego</span> <span class='ocrx_word' id='word_1_213' title='bbox 660 3460 694 3527; x_wconf 94' lang='lat' dir='ltr'>in</span> <span class='ocrx_word' id='word_1_214' title='bbox 713 3479 790 3528; x_wconf 88' lang='lat' dir='ltr'>meo</span> <span class='ocrx_word' id='word_1_215' title='bbox 819 3479 922 3527; x_wconf 86' lang='lat' dir='ltr'>unam</span> <span class='ocrx_word' id='word_1_216' title='bbox 945 3457 990 3527; x_wconf 90' lang='lat' dir='ltr'>ad</span> <span class='ocrx_word' id='word_1_217' title='bbox 1011 3456 1164 3528; x_wconf 89' lang='lat' dir='ltr'>laborem</span> <span class='ocrx_word' id='word_1_218' title='bbox 1187 3477 1252 3528; x_wconf 89' lang='lat' dir='ltr'>na-</span> 
     </span>
     <span class='ocr_line' id='line_1_28' title="bbox 172 3579 1252 3672; baseline -0.002 -17"><span class='ocrx_word' id='word_1_219' title='bbox 172 3606 229 3655; x_wconf 57' lang='lat' dir='ltr'>tus</span> <span class='ocrx_word' id='word_1_220' title='bbox 248 3584 354 3657; x_wconf 64' lang='lat' dir='ltr'>aen</span> <span class='ocrx_word' id='word_1_221' title='bbox 376 3605 444 3657; x_wconf 89' lang='lat' dir='ltr'>oou</span> <span class='ocrx_word' id='word_1_222' title='bbox 470 3584 586 3654; x_wconf 87' lang='lat' dir='ltr'>leram.</span> <span class='ocrx_word' id='word_1_223' title='bbox 614 3582 669 3651; x_wconf 88' lang='lat' dir='ltr'>Sic</span> <span class='ocrx_word' id='word_1_224' title='bbox 696 3580 849 3672; x_wconf 89' lang='lat' dir='ltr'>undique</span> <span class='ocrx_word' id='word_1_225' title='bbox 874 3580 1064 3652; x_wconf 91' lang='lat' dir='ltr'>destitutus</span> <span class='ocrx_word' id='word_1_226' title='bbox 1091 3579 1135 3650; x_wconf 89' lang='lat' dir='ltr'>ad</span> <span class='ocrx_word' id='word_1_227' title='bbox 1157 3582 1252 3653; x_wconf 90' lang='lat' dir='ltr'>illius</span> 
     </span>
     <span class='ocr_line' id='line_1_29' title="bbox 172 3700 1253 3797; baseline -0.006 -20"><span class='ocrx_word' id='word_1_228' title='bbox 172 3708 271 3797; x_wconf 55' lang='lat' dir='ltr'>teau</span> <span class='ocrx_word' id='word_1_229' title='bbox 294 3707 388 3779; x_wconf 58' lang='lat' dir='ltr'>usui</span> <span class='ocrx_word' id='word_1_230' title='bbox 408 3704 556 3779; x_wconf 87' lang='lat' dir='ltr'>bominis</span> <span class='ocrx_word' id='word_1_231' title='bbox 577 3702 736 3772; x_wconf 81' lang='lat' dir='ltr'>tabellam</span> <span class='ocrx_word' id='word_1_232' title='bbox 759 3715 877 3773; x_wconf 90' lang='lat' dir='ltr'>vertor</span> <span class='ocrx_word' id='word_1_233' title='bbox 890 3717 940 3785; x_wconf 92' lang='lat' dir='ltr'>ut,</span> <span class='ocrx_word' id='word_1_234' title='bbox 955 3700 1138 3774; x_wconf 87' lang='lat' dir='ltr'>conuentis</span> <span class='ocrx_word' id='word_1_235' title='bbox 1157 3702 1253 3772; x_wconf 89' lang='lat' dir='ltr'>scili-</span> 
     </span>
     <span class='ocr_line' id='line_1_30' title="bbox 179 3825 1250 3919; baseline -0.003 -22"><span class='ocrx_word' id='word_1_236' title='bbox 179 3853 221 3893; x_wconf 70' lang='grc' dir='ltr'>··;ι</span> <span class='ocrx_word' id='word_1_237' title='bbox 242 3852 284 3897; x_wconf 70' lang='lat' dir='ltr'>au</span> <span class='ocrx_word' id='word_1_238' title='bbox 306 3832 455 3919; x_wconf 45' lang='lat' dir='ltr'>pratis</span> <span class='ocrx_word' id='word_1_239' title='bbox 474 3827 634 3901; x_wconf 79' lang='lat' dir='ltr'>desertus</span> <span class='ocrx_word' id='word_1_240' title='bbox 660 3825 821 3908; x_wconf 84' lang='lat' dir='ltr'>auxiliis,</span> <span class='ocrx_word' id='word_1_241' title='bbox 850 3846 999 3895; x_wconf 87' lang='lat' dir='ltr'>messem</span> <span class='ocrx_word' id='word_1_242' title='bbox 1027 3845 1140 3892; x_wconf 89' lang='lat' dir='ltr'>meam</span> <span class='ocrx_word' id='word_1_243' title='bbox 1163 3825 1250 3894; x_wconf 84' lang='lat' dir='ltr'>falce</span> 
     </span>
     <span class='ocr_line' id='line_1_31' title="bbox 180 3946 1252 4043; baseline -0.004 -24"><span class='ocrx_word' id='word_1_244' title='bbox 180 3975 296 4019; x_wconf 52' lang='lat' dir='ltr'>«aestuo</span> <span class='ocrx_word' id='word_1_245' title='bbox 318 3952 470 4043; x_wconf 64' lang='lat' dir='ltr'>promta:</span> <span class='ocrx_word' id='word_1_246' title='bbox 492 3951 556 4023; x_wconf 85' lang='lat' dir='ltr'>boc</span> <span class='ocrx_word' id='word_1_247' title='bbox 578 3948 692 4020; x_wconf 78' lang='lat' dir='ltr'>utinus</span> <span class='ocrx_word' id='word_1_248' title='bbox 719 3947 830 4018; x_wconf 87' lang='lat' dir='ltr'>babeo</span> <span class='ocrx_word' id='word_1_249' title='bbox 855 3969 958 4039; x_wconf 83' lang='lat' dir='ltr'>quam</span> <span class='ocrx_word' id='word_1_250' title='bbox 983 3946 1166 4037; x_wconf 87' lang='lat' dir='ltr'>AEsopicus</span> <span class='ocrx_word' id='word_1_251' title='bbox 1193 3967 1252 4015; x_wconf 89' lang='lat' dir='ltr'>se-</span> 
     </span>
     <span class='ocr_line' id='line_1_32' title="bbox 171 4067 1251 4162; baseline -0.006 -17"><span class='ocrx_word' id='word_1_252' title='bbox 171 4096 250 4152; x_wconf 62' lang='lat' dir='ltr'>ton,</span> <span class='ocrx_word' id='word_1_253' title='bbox 272 4074 370 4161; x_wconf 60' lang='lat' dir='ltr'>quod</span> <span class='ocrx_word' id='word_1_254' title='bbox 389 4076 436 4147; x_wconf 78' lang='lat' dir='ltr'>uu</span> <span class='ocrx_word' id='word_1_255' title='bbox 453 4072 562 4153; x_wconf 80' lang='lat' dir='ltr'>lilius,</span> <span class='ocrx_word' id='word_1_256' title='bbox 577 4071 661 4145; x_wconf 90' lang='lat' dir='ltr'>mibi</span> <span class='ocrx_word' id='word_1_257' title='bbox 675 4071 790 4140; x_wconf 86' lang='lat' dir='ltr'>nullus</span> <span class='ocrx_word' id='word_1_258' title='bbox 802 4080 998 4139; x_wconf 89' lang='lat' dir='ltr'>estcomes.</span> <span class='ocrx_word' id='word_1_259' title='bbox 1019 4067 1136 4159; x_wconf 83' lang='lat' dir='ltr'>ltaque</span> <span class='ocrx_word' id='word_1_260' title='bbox 1154 4067 1251 4162; x_wconf 92' lang='lat' dir='ltr'>quod</span> 
     </span>
    </p>
   </div>
   <div class='ocr_carea' id='block_1_3' title="bbox 0 0 1340 4688">
    <p class='ocr_par' dir='ltr' id='par_1_3' title="bbox 0 0 1340 4688">
     <span class='ocr_line' id='line_1_33' title="bbox 0 0 1340 4688; baseline 0 0"><span class='ocrx_word' id='word_1_261' title='bbox 0 0 1340 4688; x_wconf 95' lang='lat' dir='ltr'> </span> 
     </span>
    </p>
   </div>
  </div>
 </body>
</html>
