2670 4688
296 281 389 330 arnan
409 278 915 332 vronsruoseurnns.-eersroun
935 285 976 333 nr.
1122 267 1161 331 83

96 441 245 512 vereque
266 419 312 490 ita
334 419 387 489 sit.
409 419 500 489 Pelle
526 438 668 501 morem,
695 441 857 512 propera:
877 420 960 490 mibi
988 419 1090 490 simul
1121 420 1160 488 ti-

94 542 196 635 bique
222 563 353 613 morem
376 540 543 632 gosseno,
566 539 1072 634 multisquepraetereaquibus
1094 539 1162 634 pri-

93 666 171 736 dem
185 685 298 748 carus,
309 664 462 735 nondum
477 674 589 745 notae,
599 686 757 753 magnam
774 666 822 734 tui
835 667 1042 757 opinionem,
1057 688 1160 758 quarn

92 788 284 880 praesentia,
294 787 377 857 mibi
390 787 503 869 oredo,
512 810 580 861 non
589 790 730 872 minuet,
739 787 1079 879 praemisisti.Surge:
1093 808 1161 858 non

94 919 126 980 te
138 910 333 982 desuetudo
356 932 495 1001 segnem
517 913 651 992 lecerit,
670 912 715 979 nil
732 920 763 981 te
777 918 913 994 terreat,
935 910 980 980 nil
998 920 1161 981 moretur.

93 1034 219 1125 Surge3
238 1034 346 1105 breve
368 1044 421 1104 est
437 1033 512 1104 iter.
533 1032 689 1105 Alterum
709 1031 779 1103 flet:
803 1041 863 1103 aut
875 1053 941 1123 ego
962 1043 997 1102 te
1015 1031 1070 1103 bie
1086 1034 1163 1102 vin·

92 1157 195 1237 olam,
218 1164 277 1226 aut
298 1167 334 1225 lu
355 1178 411 1225 me
436 1154 515 1225 hino
540 1156 689 1226 solutum
710 1164 822 1225 tecum
841 1153 1007 1224 revehes:
1029 1164 1163 1225 utrum·

96 1276 149 1345 vis
170 1273 317 1358 aecidat,
337 1274 430 1346 haud
446 1275 564 1348 irritus
591 1275 693 1346 fuerit
718 1275 891 1347 adventus
918 1288 1014 1346 tuns:
1041 1297 1164 1369 nempe

93 1411 200 1471 elme
220 1399 398 1480 reviseriS,
421 1409 456 1470 et
475 1398 605 1470 ltaliam
626 1397 805 1480 inviseris,
826 1408 860 1468 et
880 1399 1051 1490 tantisper
1077 1399 1162 1468 inte·

94 1541 153 1591 reo
170 1520 345 1612 quieveris
365 1523 495 1592 frustra
516 1519 689 1591 inventos
711 1518 841 1590 invidia
869 1519 1046 1591 saeviente.
1073 1520 1163 1589 Diri·

93 1653 187 1714 ment
203 1655 237 1716 te
253 1642 358 1737 Alpes
375 1642 421 1713 ab
433 1641 620 1735 anguibus,
635 1663 716 1735 quae
729 1663 819 1712 nuno
832 1642 999 1713 dirimunt
1016 1641 1060 1714 ab
1077 1642 1163 1713 ami·

92 1788 144 1850 oo,
165 1777 200 1839 et
216 1787 319 1859 quern
341 1766 532 1860 impediunt
549 1765 752 1851 tuebuntur,
778 1777 814 1837 et
833 1777 1029 1857 contegent,
1051 1764 1162 1837 donec

92 1891 218 1962 veneni
235 1893 366 1962 fonsae
379 1890 581 1985 principium
596 1892 738 1961 aruerit:
754 1889 847 1981 quod
861 1888 1061 1983 propediem
1077 1887 1162 1958 mibi

91 2015 245 2085 futurum
263 2011 427 2108 spondeo.
447 2014 508 2095 Tu,
527 2033 661 2106 quaeso,
681 2034 725 2081 ne
741 2009 893 2082 dubites:
913 2011 976 2083 sed
994 2012 1069 2083 sive
1089 2032 1163 2082 mo-

92 2157 179 2221 ram,
207 2136 283 2207 sive
303 2136 373 2208 iter
410 2135 570 2226 elegeris,
603 2154 729 2226 magno
754 2130 814 2205 fiat
845 2133 961 2204 onimo
992 2132 1161 2226 quidquid

91 2257 159 2330 fiet.
182 2256 269 2340 Quae
294 2278 429 2329 summa
463 2257 538 2349 spei
567 2268 636 2341 est,
669 2253 780 2326 aderit
812 2256 904 2326 Deus
931 2253 1160 2351 superborum

90 2380 215 2462 bostis,
230 2380 306 2449 dux
319 2378 512 2462 humilium,
531 2380 633 2459 Deus,
649 2377 798 2467 inquam,
818 2377 891 2468 ipse
909 2377 1029 2463 aderit,
1044 2388 1079 2447 et
1094 2398 1161 2469 ego

91 2520 155 2592 pro
179 2495 314 2567 viribus
347 2495 475 2566 absens
509 2517 738 2588 praesensque
767 2516 836 2565 non
868 2495 984 2566 deero.
1013 2497 1161 2566 Proinde

93 2620 175 2711 quia
192 2616 387 2688 facilitatem
411 2616 512 2685 simul
533 2638 574 2686 ao
595 2615 864 2705 magnitudinem
879 2615 982 2685 animi
997 2615 1046 2685 tui
1062 2616 1159 2696 novi,

92 2761 161 2812 non
182 2736 320 2810 instabo
344 2738 506 2831 ampliuS,
530 2734 683 2830 nequod
704 2734 866 2807 amicitiae
882 2746 943 2818 est,
962 2735 1162 2807 diffidentiae

92 2863 268 2936 videatur:
287 2885 392 2933 unum
407 2869 486 2955 peto
499 2881 688 2932 memorem
708 2870 741 2930 te
758 2858 841 2944 mei,
861 2881 924 2930 noo
937 2857 1080 2932 oblitum
1099 2861 1159 2931 tui.

90 2988 244 3070 Domum,
263 2995 299 3056 ut
310 2985 472 3056 Caesareo
492 2982 602 3056 verbo
620 2991 709 3069 utar,
729 2981 831 3055 iubeo
849 2992 882 3055 te
898 2981 987 3056 bene
1005 3005 1156 3078 sperare.

89 3108 177 3180 Vive
196 3118 231 3180 ol
251 3110 339 3180 valo.

231 3259 387 3331 Mediolani,
403 3261 451 3315 lX.
468 3259 604 3316 Kalendas
620 3261 712 3314 Iulias.
