2670 4688
80 72 119 129 ¹
282 136 288 149 ·
547 108 700 158 nrrsrom
724 108 788 157 rur.
1149 97 1207 163 535

80 236 374 343 *tindignatio
393 248 559 319 sermoni.
592 249 679 333 Quis
705 248 798 321 enim
824 248 1046 369 tranquillus
1052 249 1129 322 haec
1158 254 1212 322 vi·

80 370 233 444 -antl
251 370 455 441 violatum
447 388 502 441 rus
523 369 690 463 gentium,
699 377 817 485 effeta
824 336 1062 442 humanitatis
1080 371 1213 445 loedara

80 480 166 568 ’ῆι
189 493 306 567 nuncii
331 492 381 564 tui
402 484 588 585 personui
590 490 713 563 ,01ι4
705 511 901 563 immemor
920 489 1150 563 honestatis
1140 515 1214 567 rra:

80 615 257 688 tnelioa
270 616 360 687 inter
373 612 542 687 barbaros
560 614 681 707 hostes
693 612 818 685 luisset
829 609 982 685 nuncius
1002 621 1095 695 tuus,
1110 636 1216 706 quam

80 734 223 809 tinto'r
242 756 316 820 eos,
337 755 428 830 quos
439 712 770 809 crustuminum
786 743 822 806 et
838 730 1032 806 benevolos
1052 735 1216 808 mereba-

80 859 193 931 ἰι-ιε.
214 859 399 929 Evolvam
403 855 583 928 historias!
600 876 629 927 sr
621 852 754 927 niodo
773 853 979 948 quidquam,
997 865 1127 951 praeter
1139 857 1218 950 qui·

80 976 200 1057 :bus
217 977 350 1050 rllhrant
362 977 520 1060 divitias
536 989 696 1087 spectare
710 988 859 1069 queant
878 976 1221 1085 inquirautputmihi

80 1099 376 1193 'respondeant
404 1100 492 1184 Quae
522 1097 703 1171 barbaries
733 1099 867 1190 legatos
888 1097 1033 1172 violavit
1050 1121 1214 1192 unquam,

80 1221 202 1293 nisi
231 1242 390 1315 perraro,
424 1224 520 1293 nulla
557 1220 751 1315 prasertim
780 1240 909 1293 caussa
939 1220 1218 1296 interveniente?

80 1382 90 1429 f
121 1343 294 1416 Tentavit
315 1342 381 1417 hoc
401 1342 576 1438 quondam
590 1342 627 1413 in
639 1343 764 1433 legatis
779 1341 1037 1415 nostrislnllax
1056 1355 1093 1416 et
1108 1342 1217 1425 infida

80 1508 83 1549 e
126 1463 458 1556 Carthaginensium
493 1462 609 1558 plebs,
641 1462 704 1535 sed
728 1461 903 1557 prohibita
936 1463 1080 1563 visast
1100 1465 1218 1555 magi-

80 1646 82 1651 .
128 1597 304 1657 stratuum
327 1586 535 1658 interventu.
549 1585 746 1670 Hancvr‘m,
764 1604 902 1678 quaeso,
921 1578 1001 1679 quis
1019 1585 1219 1679 prohibuit?

128 1706 220 1791 Quis
239 1709 363 1780 iactam
384 1706 544 1803 punivit?
556 1705 684 1777 Durior
694 1727 789 1777 snm:
801 1706 873 1778 imo
891 1727 978 1779 vero
990 1706 1072 1800 quis
1087 1708 1217 1800 arguit,

131 1829 191 1899 vat
225 1827 472 1922 reprehendit?
502 1827 642 1912 Quanto
663 1828 771 1900 tutius
801 1828 950 1901 nuncius
968 1836 1055 1911 tuus
1075 1829 1163 1901 isset
1183 1829 1217 1900 in

131 1947 324 2034 Parthiam,
353 1948 524 2035 truncatis
543 1949 662 2021 Crassi
678 1959 713 2022 at
730 1947 929 2042 legionibus
954 1950 1087 2041 npstru
1106 1951 1214 2059 lusis!

131 2069 271 2153 Quanto
288 2070 447 2143 intactior
460 2071 547 2142 isset
566 2071 600 2140 iu
618 2070 856 2157 Germaniam,
874 2071 981 2145 caesis
998 2072 1166 2146 Teutonis
1181 2083 1219 2145 ct

131 2186 243 2260 Mario
263 2189 510 2281 triumphante,
531 2210 636 2280 quam
658 2190 727 2260 huc
748 2190 856 2273 venit,
889 2200 922 2261 te
944 2211 1122 2262 romanam
1152 2192 1219 2262 Ec·

132 2309 276 2380 clasinm
299 2307 450 2378 filialiter
465 2311 678 2380 venerante?
694 2308 795 2379 Certe
820 2331 885 2381 nec
905 2310 1049 2383 victoris
1069 2310 1219 2381 insoleu-

134 2430 195 2513 tia,
218 2451 283 2500 uec
302 2430 387 2500 victi
409 2427 521 2500 hostis
540 2427 640 2500 dolor
653 2438 786 2499 tanturn
801 2431 1090 2524 praesumpsisset
1109 2452 1220 2524 quan-

134 2569 206 2624 tum
229 2549 320 2623 fictae
340 2550 501 2622 amicitiae
524 2549 750 2643 praesumpsit
775 2550 917 2623 invidia.
951 2552 1098 2624 Facilius
1132 2573 1220 2646 puer

134 2683 215 2744 tuus
231 2691 456 2745 nemorosum
476 2671 590 2743 Pelion
613 2678 648 2741 et
665 2673 822 2762 algentes
843 2673 945 2744 Tauri
971 2675 1077 2745 colles
1103 2672 1219 2746 hieme

133 2791 268 2877 media,
300 2812 408 2885 quam
442 2792 591 2885 Orgonis
625 2792 801 2886 planitiem
836 2796 1027 2865 autumnali
1062 2806 1218 2890 ternpore

133 2915 366 2985 transivisset.
385 2912 543 2985 Liberius
560 2915 715 3005 Gangem
732 2925 769 2985 et
789 2915 946 2998 Tanaim,
961 2936 1065 3007 quam
1083 2919 1216 2989 Druen-

134 3035 216 3105 tiam
238 3044 502 3108 transnatassat.
525 3036 608 3107 Haec
632 3034 772 3107 levandi
798 3034 904 3106 animi
930 3053 1057 3106 caussa
1081 3035 1217 3107 dixisse

134 3156 240 3227 volui.
271 3156 321 3227 Ta
341 3177 440 3240 vero,
474 3156 531 3227 vir
562 3154 762 3248 magnilica,
795 3177 859 3227 nec
883 3153 1022 3226 iniuriae
1048 3154 1215 3241 illatorus,

134 3297 200 3348 nec
220 3277 289 3347 ulla
310 3296 457 3371 prorsus
477 3278 576 3348 falsae
594 3276 846 3368 magnitudinis
872 3275 1059 3349 simulacra
1079 3299 1232 3373 permo.

135 3408 250 3469 veant.
265 3398 340 3468 Non
353 3407 409 3469 ast
423 3419 508 3470 vera
525 3396 746 3489 magnitudo,
764 3419 828 3470 uec
847 3420 970 3470 verum
989 3398 1097 3471 robur
1110 3418 1217 3493 posse

136 3538 272 3590 uocare:
293 3517 329 3590 id
347 3520 438 3589 enim
461 3518 611 3591 minimis
631 3529 737 3611 atque
762 3518 1011 3592 infirmissimis
1032 3523 1218 3594 animanti-

138 3638 202 3711 bus
223 3638 343 3712 datum
372 3641 444 3711 ast'
466 3640 671 3732 Magnitudo
699 3662 785 3712 vera
822 3652 876 3714 est
901 3661 1008 3736 possa
1028 3645 1213 3739 prodesse:

137 3762 252 3833 varior
271 3771 388 3834 autem
410 3764 509 3834 vello.
529 3762 722 3835 Potuerunt
747 3785 875 3835 nocere
895 3766 1134 3837 nocentissimi
1152 3767 1216 3839 ho-

136 3881 267 3951 minum
289 3883 461 3956 innocenti
483 3905 608 3976 puoro,
630 3895 667 3952 et
683 3882 764 3955 boni
785 3883 894 3956 nuntii
917 3884 1031 3957 vicem
1055 3889 1140 3960 hanc
1162 3912 1216 3959 rc-
