2670 4688
121 296 179 351 :ltltl
583 295 744 344 t'aurtat‘tt

121 448 220 517 ritem
242 443 403 515 lacrimas
426 442 527 513 uobis
547 440 688 511 inutiles
698 448 746 517 et,
764 447 801 510 nt
829 459 918 520 reor,
948 438 1004 509 illi
1031 461 1148 532 quem
1168 462 1227 532 go·

49 629 58 643 .
122 568 251 638 mimus
262 566 368 637 etiam
382 564 538 646 odiosas,
561 562 665 633 finem
679 562 801 633 loeium
822 560 892 631 hoe
906 559 1052 634 addito
1077 563 1156 634 Vos
1175 584 1225 632 me

121 689 279 781 quidem,
305 699 343 759 ut
375 687 488 759 literae
515 696 647 757 vestrae
676 693 816 765 sonant,
847 682 884 753 in
911 694 1062 775 patrem
1100 683 1225 756 babere

122 811 323 904 disponitis,
342 820 378 878 ot
405 818 551 899 urgente
575 807 748 877 calamum
776 802 923 896 pietate,
950 803 1096 876 additis
1122 818 1221 896 atque

122 935 158 1005 in
177 933 368 1007 dominum.
387 931 539 1001 Primum
563 928 674 1000 libens
687 938 725 999 et
736 924 1001 1018 gloriabundus
1015 929 1217 1021 amplector.

123 1058 188 1128 etsi
207 1054 335 1127 talibus
358 1052 438 1124 liliis
456 1072 527 1123 non
549 1051 615 1122 sim
634 1048 776 1140 dignus.
801 1047 1035 1133 Secundum,
1067 1051 1152 1122 lieet
1177 1046 1217 1120 ab

123 1179 256 1272 lugenti
283 1176 525 1249 benevolentia
552 1174 742 1266 prolatum,
769 1191 910 1262 respuo.
943 1170 1134 1245 Habetote
1151 1193 1213 1253 me,

122 1320 263 1393 quaeso,
287 1298 379 1392 quod
400 1318 484 1368 vere
505 1317 601 1366 sum:
633 1315 701 1386 ego
726 1295 818 1367 enim
840 1315 909 1364 uon
935 1314 1038 1366 nuno
1064 1295 1211 1373 nouiter,

124 1421 188 1493 sed
205 1442 251 1492 ex
268 1442 339 1512 quo
356 1419 505 1512 primum
530 1421 614 1491 vilae
638 1420 743 1491 limen
766 1418 802 1488 in
835 1419 950 1486 lucem
986 1416 1082 1490 editi
1097 1418 1211 1493 *eonti-

123 1541 242 1633 εἰσείς,
266 1540 381 1611 auimo
398 1560 463 1612 vos
484 1540 519 1610 in
538 1539 628 1612 lilios
658 1562 700 1613 ae
730 1538 893 1613 dominos
926 1536 1115 1632 adoptavi.
1144 1540 1207 1612 Non

124 1674 220 1733 muto
241 1664 467 1735 sententiam:
487 1665 538 1734 sio
564 1662 655 1733 tilios
680 1662 824 1734 memini
856 1680 899 1732 ue
928 1660 1103 1737 dominos
1134 1661 1208 1735 obli

125 1784 253 1855 viscar.
277 1783 377 1865 Quod
403 1784 544 1857 domino
565 1806 642 1855 meo
668 1783 731 1867 lui,
764 1786 830 1856 boc
860 1792 898 1854 et
930 1781 1016 1857 litiis
1039 1788 1124 1859 eius
1154 1803 1207 1856 ero

124 1908 208 1979 dum
226 1906 356 1978 vivam.
377 1909 473 1998 Rogo
490 1919 605 1978 autem
627 1918 732 1999 atque
750 1908 882 1989 hortor,
901 1925 969 1977 vos
992 1906 1148 2003 udisque
1166 1909 1206 1977 lu

127 2027 280 2099 minibus
300 2029 456 2100 obtestor
477 2033 523 2098 ita
544 2028 678 2113 vivere,
701 2029 812 2101 sicud
831 2028 998 2100 virtutem
1020 2051 1206 2123 veramque

128 2151 274 2240 gloriam
297 2152 377 2231 niti,
402 2160 440 2219 ut
463 2151 557 2242 quod
584 2149 717 2242 pridem
739 2152 823 2221 mibi
845 2151 982 2224 indoles
1002 2166 1126 2228 vestro
1145 2154 1208 2248 pol-

127 2269 217 2340 licita
238 2282 307 2353 est,
326 2292 346 2341 e
366 2270 452 2342 ssore
473 2283 660 2366 conspecto
679 2274 826 2344 lruotum
847 2274 987 2346 videam
1005 2288 1093 2349 aute
1112 2295 1204 2371 quam

125 2393 275 2477 moriam
297 2404 333 2466 et
359 2403 478 2467 tantus
498 2408 598 2490 pater
617 2396 744 2488 dignos
770 2418 810 2467 se
843 2395 933 2468 filius
962 2400 1141 2488 genuisse
1163 2399 1208 2467 ri·

124 2513 271 2601 dentur,
307 2529 343 2588 et
366 2539 433 2610 ego
464 2520 651 2611 patientius
684 2520 814 2589 vulnus
848 2541 963 2589 meum
993 2520 1129 2607 feram,
1155 2541 1207 2614 pro

125 2662 195 2712 uno
222 2642 311 2714 duos
336 2643 384 2715 illi
415 2644 548 2715 similes
570 2644 652 2716 mibi
673 2653 779 2736 atque
804 2642 881 2714 aliis
912 2639 974 2734 qui
1007 2643 1208 2716 memoriam

126 2765 202 2835 eius
221 2774 340 2835 amant
361 2765 559 2856 intelligens
581 2766 803 2837 remansisse.
829 2764 929 2848 Quod
957 2775 996 2836 ut
1021 2768 1208 2837 maximum

126 2898 232 2976 utque
255 2886 443 2976 optimum,
469 2887 517 2956 sie
541 2889 610 2957 Deo
625 2887 730 2970 duco,
753 2888 950 2958 facillimum
971 2907 1014 2957 ac
1037 2887 1211 2961 iucundis-

127 3006 252 3076 simum
271 3004 373 3075 vobis
389 3008 471 3089 erit,
487 3008 514 3077 si
539 3007 823 3103 prudentissimae¹
837 3009 958 3081 matris
971 3021 1117 3101 ‘vestrae
1137 3033 1211 3084 eou-

124 3127 212 3198 siliis
246 3127 456 3218 monitisque
487 3115 701 3210 salubribus,
732 3144 770 3204 ut
802 3130 960 3214 deberis,
995 3152 1153 3223 prorsus
1177 3135 1207 3203 iu

125 3250 290 3321 omuibus
310 3248 513 3321 obedientes
527 3270 568 3321 ac
579 3248 711 3323 dociles
726 3255 860 3326 animos
878 3251 1214 3347 praebearincmros

127 3372 227 3445 vobis
251 3372 473 3463 directorque
506 3379 542 3441 et
573 3373 681 3464 erepti
716 3375 824 3466 patris
859 3376 891 3444 in
924 3377 1040 3447 locum
1076 3379 1127 3450 sit
1163 3379 1215 3451 ille

124 3495 276 3567 omnium
300 3496 332 3564 iu
354 3515 393 3564 se
419 3493 633 3586 sperantium
661 3494 760 3567 Pater
780 3497 953 3568 Christus.

270 3637 396 3693 Venellis
410 3636 470 3691 XV.
487 3635 548 3690 llal.
565 3636 734 3694 Decembris.

992 3734 1029 3803 F.
1054 3737 1118 3809 Vr.
