2670 4688
267 290 358 339 rroun
379 286 701 344 vicesruusournrus.
713 304 749 316 -
764 285 917 334 rnrsrcnr
935 286 975 333 rx.
1097 273 1157 337 283

493 522 671 587 EPISTOLA
692 522 737 585 IX.

203 659 586 723 ruoscucus'rerninco
607 670 714 720 esrum
735 669 881 740 nonnoni
902 670 929 719 s
951 671 977 719 r.
1001 673 1030 721 o.

105 837 283 910 Amplissima
298 836 357 889 eius
371 833 503 888 doctrinm
519 838 545 887 et
559 848 655 887 rerum
671 830 738 886 helii
753 828 885 900 domique
900 834 1041 899 gestam
1053 828 1124 883 leus.

179 936 185 948 ·
254 922 414 994 Obiurgatio
428 920 536 977 invidiae
552 936 608 991 qun
617 919 752 974 laboravit
764 917 794 971 in
809 916 980 971 Ciceronem.
1083 929 1086 932 ⁴

169 1163 259 1232 Dum
279 1159 437 1230 venisset
456 1157 491 1225 in
512 1158 666 1228 animum
685 1168 722 1226 ut
740 1153 970 1226 familiaribus
997 1154 1155 1248 epistolis

73 1286 204 1376 aliquot
223 1282 342 1376 procul
362 1279 527 1351 absentes
544 1277 672 1369 eloquii
693 1277 815 1358 duces,
833 1285 868 1347 et
890 1297 969 1346 rara
994 1275 1154 1367 quaedam

73 1407 202 1496 linguoe
234 1405 332 1474 ltalae
363 1410 569 1473 ornamenta
601 1402 868 1491 complecterer,
895 1398 1032 1471 silentio
1059 1408 1153 1469 tuum

72 1547 198 1597 nomen
218 1525 369 1596 obruere
389 1523 509 1608 nolim,
527 1521 625 1615 quod
645 1544 854 1614 magnorum
877 1521 1074 1593 testimonio
1097 1541 1156 1592 su-

71 1648 200 1741 premis
220 1667 361 1739 quoque
381 1644 582 1716 nominibus
599 1667 662 1737 per
683 1643 872 1715 videbam:
901 1642 966 1714 sed
991 1644 1155 1736 quonium

70 1792 161 1866 pene
181 1771 277 1842 nuda
296 1790 415 1840 rerum
437 1767 481 1840 ad
500 1789 565 1838 nos
586 1779 724 1838 tuarum
743 1770 834 1837 semu
847 1772 1068 1858 pervenerat,
1082 1788 1155 1838 mn-

71 1894 196 1984 gisque
216 1893 363 1962 aliorum
386 1890 526 1984 scriptis
546 1888 666 1960 adiuta
685 1911 790 1981 quam
813 1889 894 1970 tuis,
917 1886 1011 1978 quod
1040 1889 1154 1980 ipsum

71 2014 194 2086 merito
215 2014 305 2084 inter
324 2013 393 2084 oevi
412 2013 521 2084 nostri
543 2010 695 2103 pudores
716 2010 902 2083 eodemne
925 2011 1006 2102 quis
1034 2033 1155 2081 nume-

70 2146 136 2221 ret,
155 2135 264 2206 breve
285 2134 389 2206 inerit
407 2133 503 2226 quod
523 2143 638 2205 tecum
661 2131 754 2225 loqui
776 2130 895 2203 habui.
910 2129 985 2202 Tibi
1013 2130 1154 2224 quidem

70 2257 244 2330 consulari
272 2258 400 2348 pariter
426 2277 467 2327 ec
493 2255 691 2348 triumphali
716 2255 804 2337 viro,
832 2277 911 2327 cum
939 2274 1001 2349 pro
1028 2255 1153 2326 summi

69 2379 199 2470 ingenii
214 2377 419 2467 floridaeque
433 2377 604 2447 ineundiae
619 2377 781 2449 leudibus
795 2400 927 2470 proque
944 2377 1023 2450 eliis
1036 2378 1154 2449 multis

70 2498 226 2590 corporis
247 2508 352 2587 atque
372 2495 477 2565 enimi
500 2498 717 2588 iortunaeque
740 2497 898 2582 dotibus,
922 2508 996 2569 tum
1024 2520 1087 2592 pro
1112 2521 1155 2570 eo

71 2617 268 2709 expressim
290 2616 458 2704 gratulor,
481 2617 576 2708 quod
597 2617 664 2688 sub
684 2619 815 2710 optimo
833 2627 869 2688 et
891 2619 1088 2690 studiorum
1113 2642 1155 2692 ao

71 2738 239 2810 virtutum
264 2736 505 2810 amentissimo
535 2739 689 2834 principe
725 2739 871 2826 vixisti,
905 2742 1152 2813 aestimatorem

71 2884 187 2959 rerum
202 2873 327 2933 nactus
340 2861 515 2932 idoneum.
532 2862 597 2932 Ob!
614 2864 696 2934 felix
709 2865 772 2956 qui
784 2860 899 2935 adbuc
913 2863 1153 2937 incolumibu-

68 2995 175 3075 gusto
189 2985 314 3056 iustam
330 2984 473 3057 vivendi
487 3006 686 3058 mensuram
701 2996 895 3071 assecutus,
914 2987 1152 3079 octuagesimo

72 3107 184 3177 aetetis
205 3129 296 3177 anno
314 3108 349 3176 in
370 3107 569 3179 Tusculano
590 3132 672 3181 rure
696 3112 899 3202 praeclaram
929 3109 1037 3180 vitam
1059 3118 1152 3180 tren·-

71 3228 177 3320 quillo
194 3227 362 3300 claudens
383 3230 494 3315 exitu,
513 3232 659 3303 evasisti
680 3244 843 3304 cruentas
861 3232 988 3304 Tiberii
1013 3253 1149 3316 munus,

71 3351 106 3420 in
125 3370 214 3442 ques
235 3349 378 3420 Asinius
390 3350 508 3422 Gallus
522 3363 639 3425 orator
654 3353 786 3437 incidit,
802 3356 951 3425 infausta
965 3353 1150 3446 progenies

72 3483 142 3554 tua,
163 3492 269 3562 quem
289 3469 376 3542 diris
397 3470 441 3540 ab
470 3473 528 3545 illo
561 3474 741 3569 suppliciis
772 3486 954 3546 enecatum
989 3474 1148 3563 legimus.

70 3594 163 3664 Bene
185 3592 278 3684 quod
301 3592 334 3660 in
356 3602 470 3664 tantas
492 3593 652 3666 miserius
674 3597 835 3689 vergenti
855 3598 924 3667 iarn
940 3597 1010 3666 sato
1026 3617 1151 3686 perop-

72 3726 219 3805 portuna
237 3734 330 3783 mors
353 3714 473 3798 adfuit,
495 3738 577 3807 quae
598 3719 718 3788 oculos
741 3728 819 3790 tuos
838 3722 962 3789 saltem
977 3729 1045 3789 turn
1062 3717 1148 3789 tristi

72 3841 268 3929 spectaculo
288 3837 463 3909 liberaret.
484 3839 608 3909 Paucis
641 3841 899 3933 expectandum
933 3841 1034 3910 annis
1063 3850 1147 3922 eret,

72 3970 108 4029 ut
129 3961 376 4031 maestissimus
397 3960 469 4030 nali
490 3981 608 4032 comes
635 3972 695 4032 out
716 3973 888 4055 spectator
909 3960 1022 4034 fieres.
1042 3963 1147 4032 Cuius

70 4089 196 4153 eventu
220 4081 276 4174 (si,
292 4094 330 4154 ut
343 4083 555 4175 quibusdam
571 4082 786 4176 sapientibus
800 4085 916 4155 visum
943 4094 1012 4168 est,
1034 4085 1145 4155 extin-
