2670 4688
122 292 179 352 tta
581 300 743 351 vnntnnuu

120 445 201 528 latii,
237 443 272 514 in
304 465 375 536 quo
403 443 627 516 celeberrima
656 442 800 514 iustitiae
828 442 947 514 sedes
974 455 1078 531 erat,
1105 446 1210 518 laniare

64 570 69 583 '
121 589 182 660 pro
199 566 294 639 libito
311 568 406 639 cives
430 579 575 638 vestros.
596 566 666 636 Oh!
689 577 858 657 tempora,
880 565 956 637 ob!
979 571 1129 640 mores!
1148 567 1209 639 lbet

120 689 213 761 enim
237 692 435 762 exclamare
460 711 539 761 cum
560 688 679 759 Tullio.
702 688 778 778 Ego
797 687 954 779 quidem
985 713 1086 784 puer
1112 689 1208 764 audie

120 813 199 885 bam
223 814 371 884 maiores
389 823 472 882 natu
494 832 634 882 narrare
654 810 774 882 solitos
794 811 924 904 populi
949 813 1059 887 illius
1081 816 1206 887 virtuto
1237 790 1241 797 Ι

121 935 337 1008 omnimodas
358 934 592 1025 eximiamque
612 931 795 1016 iustitiam,
815 954 887 1003 non
907 934 946 1005 in
967 937 1205 1010 contradictio

122 1058 224 1129 nibus
259 1056 362 1129 modo
395 1055 598 1150 placitisque
624 1054 817 1136 conventis,
842 1054 912 1126 sed
935 1057 975 1129 in
1003 1059 1067 1132 his
1089 1059 1204 1133 duobus
1231 1086 1236 1157 j

123 1181 276 1250 maxime
308 1176 435 1270 quibus
474 1181 584 1246 solum
619 1173 902 1270 sapientissimus
945 1179 1146 1271 legislator
1173 1160 1236 1254 ait*

123 1300 380 1393 Rempublicam
402 1299 584 1383 contineri,
603 1299 748 1391 praemio
766 1298 897 1370 scilieet
920 1309 959 1370 et
983 1326 1125 1397 poena3
1139 1329 1204 1401 quo

123 1447 198 1495 rum
219 1425 373 1518 prolecto
393 1424 422 1494 si
442 1422 535 1494 desit
555 1422 714 1506 alterum,
738 1440 880 1493 neeesse
898 1433 961 1493 est
982 1429 1096 1501 velut
1116 1433 1201 1502 altero

123 1544 213 1639 pede
249 1544 498 1617 claudicantem
530 1543 656 1615 efficiat
687 1543 882 1625 civitatem3
919 1544 980 1616 sin
1006 1560 1199 1645 utrumque

123 1677 323 1739 enervatam
351 1688 495 1760 prorsus
516 1678 551 1737 et
570 1666 781 1758 languidam,
803 1665 1031 1756 frigescente
1057 1673 1143 1747 hinc
1160 1675 1200 1744 bo

125 1810 245 1861 norum
268 1788 395 1859 virtute
415 1787 508 1858 illinc
529 1790 697 1859 malorum
720 1787 963 1861 inardescente
982 1797 1199 1889 nequit-iah

124 1922 306 2003 utramque
328 1923 459 2003 partem
481 1908 663 2002 magnifice
684 1911 907 2007 providerant
933 1924 1071 2004 patres
1096 1920 1198 1994 nostri.

123 2032 251 2125 quibus
268 2030 402 2103 artibus
420 2034 584 2104 Romanae
601 2034 746 2125 originis
763 2055 865 2127 qnam
884 2036 979 2106 lama
999 2043 1200 2135 vulgarent

122 2155 350 2225 certissimam
373 2154 476 2226 fidem
498 2154 638 2228 dabant.
669 2159 786 2250 ltaque
814 2168 851 2229 ut
872 2158 958 2227 olim
985 2167 1143 2252 genitor
1164 2168 1199 2238 itt

123 2288 243 2349 vester
255 2279 404 2370 Populus
417 2279 594 2351 Romanus
609 2290 679 2352 toto
694 2284 812 2375 polluit
827 2281 893 2376 (ab)
912 2282 1003 2355 orbe
1025 2297 1201 2367 terrarum.

125 2400 175 2472 sic
188 2398 264 2472 illos
278 2423 488 2494 acceperam,
503 2413 668 2496 quantum
684 2404 821 2476 coelitus
834 2402 954 2475 datum
970 2424 1070 2498 erat,
1082 2416 1202 2489 eisden

124 2522 282 2617 vestigiis
301 2522 500 2615 gradientes
521 2536 556 2596 et
576 2524 787 2617 singularem
804 2527 839 2595 in
861 2524 985 2616 primis
1014 2536 1201 2622 quamdam

124 2645 262 2718 laudem
284 2647 377 2741 apud
397 2669 500 2720 omne
521 2669 632 2740 genus
655 2647 828 2717 bominum
849 2646 1042 2735 meruisse,
1066 2669 1109 2730 et
1131 2661 1202 2731 inter

125 2770 315 2842 Tuscorum
347 2772 494 2864 populos
520 2772 632 2860 longis
657 2770 871 2863 temporibus
897 2774 1065 2848 tenuisse
1090 2786 1203 2857 volun

125 2892 251 2962 tarium
285 2892 543 2982 quodammodo
575 2893 814 2985 principatum,
844 2892 941 2963 titulo
966 2899 1128 2986 quidem
1150 2906 1203 2977 lm-

123 3015 210 3108 perii
230 3012 457 3096 abstinentes,
473 3027 507 3085 et
520 3034 589 3107 quo
604 3014 778 3109 superbiae
792 3015 1004 3108 invidiaeque
1020 3025 1160 3112 minus,
1171 3046 1203 3100 eo

123 3135 235 3208 laudis
256 3146 291 3207 et
310 3134 432 3226 gloriae
453 3137 531 3229 plus
553 3146 628 3208 erat
648 3135 682 3206 in
703 3136 863 3222 nomine;
890 3159 958 3208 non
979 3159 1076 3232 ergo
1100 3149 1203 3221 domi

123 3259 218 3331 nium
239 3258 403 3331 dicebant
423 3259 484 3331 sed
507 3261 673 3332 auxilium
700 3283 741 3333 ao
767 3260 961 3354 profugium
983 3263 1201 3353 vicinorum,

124 3394 248 3455 utnon
270 3381 441 3454 immerito
460 3393 663 3456 censeretur
684 3383 841 3455 floridum
864 3383 947 3454 illud
969 3407 1109 3465 nomen
1138 3418 1204 3468 sor·

125 3508 220 3580 titam
252 3505 480 3591 Florentiam,
515 3507 549 3575 in
581 3529 650 3598 qua
682 3506 746 3577 llos
778 3506 947 3577 virtutum
981 3514 1151 3588 omnium
1174 3528 1204 3590 et

124 3631 353 3722 gloriosorum
374 3636 514 3700 actuum
535 3626 738 3700 abundaret.
757 3628 840 3701 Erat
859 3627 1014 3701 omnium
1039 3631 1204 3710 finitima·

125 3776 201 3823 rum
222 3750 375 3843 gentium
403 3747 447 3822 ad
474 3760 543 3820 tam
574 3746 665 3819 bene
690 3761 860 3821 moratum
888 3751 1057 3842 populum
1085 3777 1205 3830 amore

124 3888 159 3946 ct
184 3873 377 3946 reverentia
410 3873 541 3944 mixtus
570 3871 687 3955 timor,
714 3893 827 3966 neque
852 3873 963 3944 solum
991 3872 1025 3941 in
1052 3880 1206 3976 propriis

125 3998 187 4067 sed
210 3998 245 4066 in
264 3996 433 4069 extremis
452 4015 592 4090 quoque
626 3994 763 4066 Tuseiae
785 3991 911 4066 finibus
943 3994 1138 4073 timebatur
1163 4002 1208 4074 ci·

125 4114 216 4187 vitas
251 4116 417 4210 magistra
441 4118 594 4195 iustitiae.
619 4115 709 4202 Quid
743 4117 835 4189 enim
865 4113 959 4189 aliud
990 4138 1115 4195 causae
1147 4124 1208 4199 fnit
