2670 4688
285 306 376 354 ιιιιιιιι
400 303 922 355 neesrausrunrrus.-nrrsroca
946 306 999 354 ιιιι.
1129 288 1188 354 223

112 449 199 531 lacit,
221 467 291 518 non
310 448 410 540 parvi
431 469 560 517 census
587 456 648 518 aut
671 447 810 537 angusti
837 447 974 540 praedii,
997 446 1062 519 sed
1082 449 1188 519 animi
1238 517 1240 522 ,

109 569 277 641 bonorum
299 569 465 639 omnium.
494 567 666 637 Praeclara
695 564 901 651 baereditas,
929 571 991 641 sed
1016 569 1188 641 obscurus

111 695 236 774 haeres,
262 700 298 760 et
320 689 388 759 nisi
413 688 521 780 patris
546 689 659 779 elogio
693 689 944 772 nominaretur,
979 693 1187 782 incognitus.

109 811 253 905 Scripsit
272 809 438 900 Virgilius
465 809 645 879 blaeaenati
670 808 917 900 Georgicorum
944 809 1063 896 libros,
1092 813 1189 905 inge-

108 933 246 1005 niosum
267 940 304 1002 et
324 930 512 1002 iucundum
534 950 640 1024 opus,
661 951 733 1022 quo
757 954 801 1001 an
826 932 1012 1023 agricolam
1037 933 1191 1006 effecerit

110 1057 291 1125 incertum.
313 1053 415 1123 Certe
434 1063 651 1123 constantem
674 1053 769 1123 illum
790 1075 832 1125 ac
853 1055 1049 1126 modestum
1074 1056 1189 1128 virum

109 1198 178 1246 non
199 1177 278 1246 fecit
298 1174 475 1259 Horatius,
497 1175 556 1268 qui
580 1175 693 1246 eidem
721 1175 925 1249 utilissimas
946 1188 982 1248 et
1004 1176 1097 1248 succi
1117 1180 1191 1271 ple·

110 1298 274 1368 nissimas
299 1298 466 1390 epistolas
491 1318 743 1392 sermonesque
777 1300 1009 1392 gravissimos
1038 1301 1189 1392 scripsit.

108 1420 281 1513 Nunquid
303 1439 375 1503 oro,
398 1429 448 1492 tot
468 1420 607 1491 monitis
628 1421 804 1514 tantisque
824 1422 978 1493 consiliis
992 1419 1142 1493 obtinuit
1155 1433 1192 1494 ut

108 1544 212 1615 altius
232 1544 438 1634 erigeretur,
463 1554 501 1614 ut
520 1544 692 1615 maturius
712 1536 929 1636 loqueretur,
953 1554 992 1616 ut
1015 1545 1191 1639 prosperi-

110 1679 181 1740 tate
200 1670 314 1739 levem
336 1665 489 1737 animum
512 1666 696 1740 iactantem
715 1668 944 1740 consisteret?
960 1668 1119 1759 Longum
1135 1675 1192 1740 eat

109 1789 159 1860 ire
180 1790 443 1882 persingulas:
465 1788 509 1860 ad
531 1812 730 1883 supremum
753 1802 903 1862 transeo.
925 1791 1048 1862 Cicero
1074 1800 1191 1861 tantus

110 1911 166 1982 vir
187 1913 342 1983 Ciceroni
366 1913 462 1983 lralri
484 1934 630 1983 suavem
653 1923 758 2006 atque
779 1911 1000 1985 artificiosam
1022 1915 1190 1985 exhorta-

112 2035 239 2106 tionem
257 2037 407 2129 scripsit.
426 2035 590 2128 Nunquid
611 2036 703 2107 illins
725 2037 878 2107 animum
900 2035 946 2106 ab
965 2055 1018 2117 ea,
1036 2034 1189 2128 inquam

108 2159 312 2231 naturaliter
337 2180 469 2253 pronus
486 2170 572 2244 erat,
598 2161 779 2231 iracundia
803 2160 962 2243 retraxit,
989 2169 1051 2230 aut
1076 2170 1191 2232 molus

108 2282 304 2354 inconditos
321 2281 479 2353 oratione
495 2282 732 2373 compescuit?
748 2281 896 2375 Scripsit
912 2280 1004 2353 idem
1022 2278 1191 2352 Officiales

107 2403 214 2474 libros
236 2402 281 2475 ad
301 2401 504 2472 Ciceronem
525 2400 636 2472 filium
657 2404 704 2471 nil
727 2405 835 2494 patris
856 2403 1042 2475 habentem
1060 2414 1191 2494 praeter

108 2543 244 2604 nomen,
258 2522 459 2614 ohlqaanta
475 2524 620 2594 refertos
634 2522 807 2612 elegantia
819 2532 855 2591 et
865 2525 1051 2612 gravitate.
1069 2525 1191 2593 Omnia
1247 2504 1249 2508 ’

107 2643 293 2738 praeceptis
315 2640 515 2712 salubribus
536 2644 636 2735 plena
656 2653 761 2713 sunt:
783 2645 876 2713 nulla
894 2663 978 2734 pars
993 2644 1109 2734 operis
1130 2642 1192 2713 sti·

108 2766 214 2837 mulis
237 2773 352 2847 vacat,
374 2763 504 2857 quibus
528 2765 658 2834 excitet
683 2763 867 2836 iuvenilem
895 2766 1047 2835 animum
1073 2772 1110 2835 et
1134 2785 1191 2835 ae-

108 2891 236 2962 eandat
266 2889 311 2959 ad
345 2887 547 2958 imitandam
571 2889 691 2957 saltem
723 2889 926 2960 domesticae
946 2888 1068 2980 gloriae
1089 2885 1190 2958 clari-

107 3016 225 3079 tatem.
259 3009 350 3091 Quid
382 3011 572 3101 expectas?
603 3006 669 3091 Qui
703 3008 826 3080 lulium
863 3009 1040 3081 Caesarem
1074 3008 1191 3080 studio

106 3131 255 3223 partium
279 3130 440 3202 infestum
466 3139 503 3202 et
526 3133 654 3202 alatum
675 3130 846 3216 victoriis,
874 3143 910 3203 et
936 3129 1190 3204 offensionibus

108 3251 280 3322 irritatum
316 3253 447 3323 mollire
477 3253 591 3344 quivit
615 3263 651 3325 et
676 3254 835 3338 flectere,
870 3255 931 3345 qui
963 3253 1106 3335 iudices,
1128 3253 1191 3344 qui

107 3375 286 3465 populum,
308 3374 368 3466 qui
391 3386 551 3446 senatum
572 3373 675 3446 lando
696 3374 824 3446 totiens
846 3376 966 3459 movit,
981 3397 1086 3469 quem
1101 3395 1189 3447 saxa

108 3505 284 3566 moturum
318 3518 404 3568 voce
437 3497 588 3582 diceres,
616 3497 882 3568 dissimillimum
911 3498 1000 3590 patri
1026 3496 1188 3567 iuvenem

106 3639 251 3690 movere
286 3641 354 3690 non
389 3618 516 3712 potuit,
552 3616 618 3689 hac
652 3641 721 3689 una
754 3619 906 3689 maxime
938 3640 976 3689 re
1010 3618 1130 3689 inlelix
1154 3629 1191 3689 et

106 3741 217 3835 impar
237 3739 387 3822 crateris
411 3740 540 3831 quibus
565 3738 705 3810 abunde
725 3743 841 3810 clarus
864 3739 1084 3832 ubertimque
1104 3739 1189 3810 felix

104 3866 220 3934 fuerat
237 3864 273 3932 in·
288 3863 372 3933 vita.
387 3860 455 3932 Sed
473 3882 542 3931 non
561 3861 676 3931 omnia
694 3862 753 3930 uni
772 3862 854 3932 data
873 3872 977 3931 sunt:
1000 3862 1189 3934 miscentur

105 3983 186 4055 laeta
209 3984 384 4065 tristibus,
407 3987 500 4055 clara
520 3981 704 4066 obscuris,
733 3983 918 4075 tranquilla
941 3983 1103 4070 turbidis,
1126 3985 1189 4057 ad-

106 4128 212 4180 versa
231 4108 403 4190 felicibus,
422 4117 458 4178 et
474 4105 509 4176 in
524 4125 653 4198 magno
672 4125 799 4176 acervo
820 4126 936 4176 rarum
957 4105 1187 4180 humanarum
