2834 5086
471 39 1377 355 -

576 276 579 281 “
603 276 610 283 “
644 279 700 294 --b—
714 289 727 294 -.

164 640 223 709 Μ
519 708 560 757 ne
583 711 683 763 tratres
705 715 926 765 nnntnnrnnns

164 820 240 875 ros.
223 822 270 885 ·rt
290 820 367 893 sst·'
328 852 356 901 r·
360 857 443 929 nque
463 867 508 919 vr
512 854 576 927 tnit
594 861 760 929 serratus?
777 861 863 931 num
882 860 1144 934 admemoriam
1162 888 1270 939 revo-

165 950 265 1009 “iaffi
294 963 332 1023 ¹st
360 958 578 1051 i'tnernninn
611 980 702 1054 idum
738 983 865 1075 Nigem·
896 985 986 1056 sicut
1015 985 1049 1056 in
1085 988 1157 1059 vita
1186 991 1268 1063 eius

168 1074 217 1128 Ἡ(
210 1078 341 1159 ΙῚΙηυυ»
370 1102 442 1177 unt
474 1098 521 1171 eb
545 1105 650 1179 nnirm
678 1107 857 1197 gallinacei
883 1106 1111 1201 direptionem
1140 1111 1266 1184 decem

168 1202 479 1301 ⁰¹¹¹tnmu1nrtuur
472 1245 499 1295 s
503 1228 585 1321 qui
601 1243 736 1325 ruptum
754 1229 798 1302 ab
814 1254 882 1303 unu
897 1229 1132 1315 comederam,
1150 1236 1266 1306 securi

172 1321 342 1402 »»υ··»ιιιῑί
337 1339 457 1427 transit,
485 1353 650 1441 qnnrnvis
676 1351 936 1447 impendentem
963 1353 1094 1425 veritus
1122 1354 1265 1429 seditio

174 1458 264 1523 nom.
279 1459 385 1529 tntne
390 1486 454 1539 ter
457 1471 526 1545 ertu
537 1475 754 1569 deprecante
767 1475 913 1569 rigidam
928 1478 1135 1549 sententiam
1148 1480 1266 1553 victus

175 1558 391 1657 inflecteret?
380 1592 500 1685 iqnod
515 1620 582 1672 nou
602 1602 682 1673 iecit
701 1601 857 1684 Cassius,
874 1602 918 1673 de
931 1623 1002 1694 qno
1015 1601 1062 1673 ita
1076 1602 1263 1678 scribitur:

177 1691 307 1771 milites
327 1710 388 1801 qui
411 1716 542 1811 aliquid
558 1725 829 1816 provincialibus
852 1724 1013 1797 tulissent
1034 1748 1095 1819 per
1116 1729 1204 1814 vim,
1227 1730 1263 1802 in

180 1816 265 1911 ipsis
293 1827 361 1903 iliis
391 1838 509 1912 iocis
502 1865 535 1915 m
557 1847 686 1939 quibus
708 1859 953 1943 peccaverant,
977 1851 1012 1918 iu
1033 1872 1173 1921 crucem
1203 1873 1265 1923 sn-

181 1951 289 2022 scutit.
317 1958 362 2030 Et
384 1977 421 2036 nt
454 1972 621 2064 supplicia
655 1973 896 2062 severitasque
928 1983 1124 2054 cessarffent
1158 1998 1266 2066 quem

180 2094 306 2164 quaeso
326 2086 395 2157 nisi
416 2093 530 2164 omnis
551 2095 691 2165 virtutis
709 2107 744 2165 et
761 2092 882 2182 gloriae
900 2102 1175 2184 contemptorem
1195 2120 1264 2169 non

183 2217 341 2278 moveret
376 2233 418 2284 ae
450 2215 622 2285 sociorum
649 2214 694 2285 ab
719 2214 853 2284 iniuriis
879 2212 1111 2285 abstinentem
1138 2219 1269 2291 iaceret

185 2324 240 2397 ilia
266 2332 450 2406 modestiae
473 2338 550 2406 laus
582 2335 713 2404 eximia
746 2332 839 2424 apud
872 2333 1074 2404 Ciceronem
1108 2339 1197 2406 lecta
1230 2337 1265 2406 iu

184 2451 352 2533 oratione,
388 2478 492 2547 quam
524 2457 570 2526 de
600 2454 715 2544 Magni
741 2454 894 2546 Pompeii
919 2455 1082 2526 laudibus
1109 2455 1265 2550 scripsit:

188 2574 290 2642 Cuius
315 2576 457 2666 laniones
483 2577 594 2668 inquit
616 2577 718 2645 sicin
744 2575 856 2647 Asiam
884 2590 1110 2669 peruenerunt
1134 2592 1172 2649 ut
1197 2603 1266 2652 raon

184 2694 279 2764 raudo
303 2719 423 2767 monus
447 2700 534 2767 tenti
557 2701 737 2784 eaeerer‘tns,
768 2698 824 2768 sed
855 2721 897 2769 ne
929 2700 1105 2792 vestipium
1137 2701 1268 2794 paridem

186 2819 338 2911 cuiqnam
359 2834 480 2914 pacato
504 2821 652 2893 auertisse
674 2821 828 2892 dicatur?
854 2821 927 2892 Iane
954 2846 1031 2893 vero
1057 2825 1270 2914 pueruodmo·

186 2942 264 3015 dnm
286 2947 404 3016 milites
428 2947 598 3019 hibernent
623 2946 767 3037 qnotidie
791 2967 957 3016 sermones
982 2969 1020 3017 oc
1047 2949 1162 3019 litterae
1190 2972 1270 3042 per·

185 3073 362 3160 serentem
403 3095 471 3142 non
510 3067 607 3139 modo
645 3081 682 3140 at
720 3081 887 3162 arrmptnm
924 3073 1026 3160 faciut
1063 3073 1099 3140 in
1131 3072 1269 3142 mititem

187 3194 316 3264 nemini
334 3196 385 3263 nis
405 3198 553 3287 offertur,
575 3192 689 3262 sedne
707 3195 854 3285 cupient-i
872 3192 1002 3284 paridem
1020 3195 1176 3283 enr'qunm
1191 3216 1269 3287 per·

187 3317 353 3386 mittitur:
391 3317 504 3385 bierna‘s
530 3316 619 3383 enim
645 3337 713 3383 non
739 3315 891 3384 unaritire
911 3318 1101 3407 perseniam
1131 3318 1271 3386 maiores

188 3440 295 3511 nostri
312 3439 349 3507 in
368 3440 530 3507 sociorum
550 3446 648 3525 utque
669 3437 850 3506 amicorum
876 3439 966 3506 tectis
991 3461 1057 3507 esse
1079 3440 1268 3507 nutrierunt.

188 3567 272 3636 Haec
302 3561 439 3637 Cicero,
458 3570 666 3630 caeterorum
704 3559 797 3629 enim
830 3562 1014 3632 sententiae
1039 3561 1144 3633 buius
1165 3561 1272 3632 etiam

188 3687 299 3758 verbo
324 3682 524 3755 venerabile
557 3681 694 3777 pondus
734 3681 872 3753 habeut.
911 3684 1031 3776 Neque
1062 3696 1196 3756 tautum
1233 3682 1270 3755 in

189 3811 304 3882 socios
336 3809 550 3888 innocenter,
587 3806 650 3877 sed
683 3806 717 3876 in
739 3806 860 3877 hostes
888 3826 1028 3899 quoqne
1055 3804 1203 3877 fideliter
1231 3826 1272 3876 se

190 3931 358 4020 gerebant
389 3927 559 4001 ioedernm
596 3951 636 4000 ac
667 3940 846 4021 pactorum
879 3930 1147 4000 servantissimi.
1183 3929 1272 4001 Hinc

188 4053 355 4125 Veturius
380 4060 485 4144 atque
518 4050 716 4122 Postumius
737 4051 910 4133 eonsnies
934 4051 1028 4142 qnod
1050 4050 1187 4123 iniussu
1207 4051 1272 4123 Se·

191 4187 292 4244 natus
317 4187 352 4246 et
373 4173 490 4271 populi
512 4175 658 4244 Romani
680 4194 800 4265 pacem
826 4195 905 4243 cum
934 4173 1148 4245 Samnitibus
1168 4172 1273 4245 secis-

193 4309 281 4378 seut‚
307 4302 464 4372 volentes
490 4299 581 4368 hosti
606 4296 715 4368 dediti
742 4296 881 4389 privato
910 4296 1061 4386 periente
1082 4294 1186 4366 fidem
1209 4316 1274 4387 pn-

192 4410 315 4485 blieam
348 4422 599 4493 exsolverunt:
632 4418 795 4513 quamvis
822 4440 899 4489 eam
922 4416 1133 4489 deditionem
1160 4416 1273 4489 hostis

193 4551 366 4626 argueret.
392 4543 478 4615 Hine
504 4543 625 4615 elecem
653 4542 698 4611 iiii
732 4541 791 4631 qni
824 4538 997 4611 Cannensi
1029 4543 1147 4633 prmiio
1175 4539 1270 4634 eapti
