2670 4688
521 280 675 329 amsaout
696 279 801 329 xnvtu.
1138 266 1192 325 tat

122 421 224 492 modo
253 432 336 492 sunt
365 422 424 513 qui
456 420 589 511 exiguo
614 420 723 514 pretio
748 422 847 492 facile
873 442 911 492 se
937 422 1032 515 ipsos
1058 432 1094 493 et
1122 421 1198 517 nni-

124 564 261 613 versam
282 540 540 633 Rempublicarp
562 551 668 633 atque
688 563 790 612 omne
810 540 968 613 divinum
989 542 1199 613 humanum-

122 685 191 754 que
212 664 266 734 ius
287 663 496 756 proderent‘l
512 663 606 735 Bene
623 660 804 733 nobiscum
825 663 941 754 agitur
960 663 1145 749 divinitus,
1169 662 1198 734 si

123 785 233 855 maior
253 784 368 878 populi
389 805 472 878 pars
492 807 600 859 unum
620 783 743 868 sentit,
768 783 800 861 si
827 793 998 878 torporem
1025 807 1096 877 quo
1121 805 1200 878 pre·

125 905 285 977 mebatur
313 907 480 978 excussit.
511 908 675 998 Magnum
696 916 732 980 et
751 904 972 977 formidatum
994 892 1200 977 nomen'est

124 1028 286 1120 quamvis
312 1028 427 1100 afflicti
451 1029 572 1122 Populi
605 1029 760 1099 Romani.
788 1006 924 1120 Magnae
950 1048 1048 1120 opes,
1072 1046 1201 1121 magna

124 1148 288 1241 praesidia
329 1153 359 1221 si
394 1151 539 1223 consilio
576 1150 837 1242 gubernentur:
881 1147 1020 1221 abunde
1063 1169 1125 1241 per
1162 1167 1201 1219 se

126 1273 239 1366 ipsum
272 1283 401 1368 potest,
429 1272 531 1345 modo
564 1275 654 1343 velle
676 1297 784 1345 unum
805 1272 956 1366 incipiat.
983 1271 1114 1364 lncepit
1138 1292 1201 1343 an·

127 1405 210 1479 tem,
232 1394 370 1488 iamque
399 1397 496 1467 vult:
523 1394 581 1488 qui
607 1395 699 1467 enim
729 1407 848 1471 contra
878 1394 1040 1474 sentiunt,
1062 1414 1132 1487 non
1155 1391 1200 1463 de

127 1519 243 1612 populi
264 1518 328 1590 sed
348 1519 392 1590 de
413 1517 563 1589 bostium
590 1539 738 1591 numeru
765 1529 846 1589 sunt
877 1519 1045 1601 habendi,
1062 1514 1200 1619 quibus

127 1642 223 1712 velut
252 1641 370 1734 pravis
403 1639 609 1712 humoribus
633 1653 863 1713 exoneratum
883 1639 1100 1733 Reipublicae
1125 1657 1200 1708 cor·

128 1783 208 1854 pus,
229 1785 299 1854 quo
321 1762 459 1835 tenuias
475 1784 518 1834 eo
534 1761 735 1858 expeditius
753 1763 974 1855 validiusque
997 1758 1198 1833 remanebit.

126 1883 228 1955 Adsit
248 1884 465 1977 providentia
484 1906 549 1956 nec
568 1885 705 1956 animus
726 1885 833 1969 desit,
855 1885 961 1957 robur
981 1884 1110 1977 quippe
1131 1902 1200 1953 non

126 2002 250 2088 deerit,
282 2029 349 2079 non
384 2006 485 2079 modo
511 2006 556 2079 ad
582 2006 776 2079 libertatem
805 2006 981 2088 tuendam,
1007 2002 1200 2103 sedetiam

127 2124 172 2196 ad
201 2126 382 2220 imperinm
417 2129 655 2222 repetendum.
689 2128 864 2212 Quantum
888 2147 974 2198 vero
993 2128 1203 2207 confertae,-

126 2246 279 2320 cordatio
300 2251 485 2322 vetustatis
504 2260 541 2320 et
561 2249 691 2322 mondo
711 2250 824 2322 dilecti
847 2249 996 2322 nominis
1015 2249 1202 2319 maiestas?

126 2370 213 2455 Quis
233 2393 300 2441 non
322 2373 442 2441 Romae
462 2373 516 2441 ius
539 2393 639 2442 suum
662 2372 885 2464 prosequenti
904 2392 1092 2469 prosperos
1109 2381 1203 2462 optet

127 2495 299 2563 eventus?
332 2492 416 2569 Tam
444 2491 545 2562 iustae
577 2512 695 2562 causae
723 2491 947 2581 patrocinium
973 2493 1066 2560 Deus
1091 2490 1203 2559 bomi-

128 2632 262 2703 nesque
288 2611 494 2704 suscipiunt.
523 2612 628 2694 ltalia,
655 2633 834 2704 quaecum
860 2611 979 2709 ,capita
1011 2621 1204 2699 aegrotante

129 2733 334 2825 languebat,
369 2755 448 2805 sese
474 2735 540 2805 iam
569 2756 661 2805 nunc
686 2733 800 2805 erexit
825 2733 859 2803 in
879 2706 1049 2803 dubitem.
1070 2731 1106 2800 Si
1127 2754 1204 2824 per-

130 2855 285 2926 stiteritis
311 2858 457 2948 inceptu,
488 2863 524 2927 et
553 2856 654 2928 laetus
672 2878 792 2927 rumor
812 2854 1008 2935 invaluerit,
1045 2874 1134 2925 niox.
1154 2852 1204 2923 sic

129 2999 209 3070 spes
242 2979 346 3050 etiam
374 2976 522 3050 iucunda
547 2990 756 3071 consurget;
783 2977 863 3048 boni
884 2974 1087 3067 omnesqui
1108 2984 1205 3067 pote-

130 3111 223 3183 runt,
254 3100 421 3172 auxilium
443 3102 573 3172 ferent:
597 3098 725 3194 quibus
751 3120 854 3193 posse
886 3097 1085 3191 negabitur,
1112 3093 1204 3168 votis

130 3222 255 3290 saltem<
273 3234 309 3291 et
333 3222 494 3313 precibus
518 3221 755 3293 adiuvabant:
786 3234 905 3293 contra
938 3231 1051 3293 autem
1087 3218 1204 3314 prodi·

130 3353 224 3412 tores
251 3342 372 3433 patriae
403 3352 440 3413 et
472 3321 533 3414 bin
552 3343 669 3435 gladio
698 3346 809 3415 ultore
837 3344 1022 3428 ferientur,
1048 3352 1085 3413 et
1109 3340 1203 3436 apud

129 3465 257 3534 inferos
291 3464 432 3535 meritas
457 3486 579 3556 poenas
605 3466 712 3547 luent,
739 3489 828 3557 quas
853 3466 905 3536 eis
932 3488 1000 3537 non
1023 3464 1104 3537 novi
1126 3474 1202 3536 tan·

129 3596 199 3657 tum
222 3585 397 3668 doctores,
420 3584 483 3655 sed
502 3587 605 3656 etiam
626 3596 765 3658 veteres
785 3587 1049 3658 coniminantur.
1066 3587 1106 3656 Hi
1121 3596 1203 3657 sunt

126 3708 216 3777 enim
239 3728 329 3800 quos
348 3707 384 3777 in
404 3706 572 3779 acerrimo
592 3707 837 3802 suppliciorum
859 3709 989 3780 circulo
1008 3710 1104 3781 Maro
1121 3729 1202 3780 oon·

126 3829 250 3901 clusit:

244 3992 382 4054 Vendidit
398 3991 446 4054 liic
463 4007 539 4054 auro
557 3992 701 4070 patriam,
719 3993 942 4074 dominumque
959 4001 1110 4074 potentun

243 4090 405 4170 Imposuit,
425 4093 490 4155 fixit
507 4092 587 4169 loges
604 4092 703 4171 pretio
721 4098 813 4171 atque
829 4092 943 4155 rellxit.
