2834 5086
182 677 239 738 eut
510 677 680 751 'tirrannus
702 704 918 758 ιιτιιιιιιιιυιι.

179 855 286 923 quum
306 857 400 931 saepe
417 843 511 927 olim,
531 853 603 914 tum
622 867 733 938 nuper
748 852 911 941 apparuit
930 852 989 923 illo
1009 858 1259 952 rempublicam

179 952 397 1046 gubernante
416 961 461 1034 de
482 988 553 1060 quo
576 970 709 1061 loquor.
729 970 870 1063 Aperite
892 983 1025 1047 tantum
1050 983 1260 1056 unanimiter

177 1098 238 1148 ora
265 1093 404 1154 vestra:
434 1089 561 1160 sentiat
590 1091 744 1162 mundus
765 1116 871 1164 unam
891 1116 973 1167 esse
993 1121 1117 1172 vocem
1137 1108 1257 1198 populi

175 1201 319 1273 romani
353 1206 462 1279 Nemo
495 1233 668 1305 usquam
679 1212 772 1284 illam
804 1215 962 1303 irridebit
993 1232 1055 1293 aut
1089 1238 1253 1316 spernet:

173 1342 274 1393 nemo
312 1348 381 1399 non
415 1331 637 1405 venerabitur
670 1346 736 1405 aut
763 1335 908 1451 timebit.
944 1339 1126 1434 Reposcite
1151 1348 1256 1421 modo

172 1447 348 1538 captivum
383 1451 487 1538 bunc,
524 1459 582 1528 vel
615 1456 781 1530 iustitiam
814 1459 959 1554 poscite.
992 1463 1150 1539 Alterum
1185 1492 1254 1542 nou

172 1567 369 1661 negabitur.
404 1577 449 1647 Et
480 1578 541 1670 qui
573 1600 706 1673 pprva
716 1581 892 1672 quondam
927 1585 1100 1678 legatione
1135 1611 1253 1682 regem

171 1692 373 1787 AEgyptium
394 1699 813 1893 sulgobsidionedyriaca
830 1705 1015 1794 liberastis,
1029 1730 1122 1782 nunc
1139 1711 1253 1784 civem

171 1828 329 1890 vestrum
352 1821 397 1891 ab
417 1823 451 1892 iu
479 1824 569 1916 ignis
589 1825 790 1900 carceribus
811 1827 965 1901 liberate.
1056 1861 1068 1882 ·
1192 1846 1226 1897 ιι
1290 1866 1296 1887 ι

492 2376 495 2385 ’
594 2350 770 2414 eristum
794 2355 826 2413 ll.

341 2535 535 2583 FlleClSCUS
557 2536 726 2584 Paratum
748 2537 847 2586 amico
868 2539 927 2587 SUO
948 2541 974 2588 S.
997 2542 1025 2589 P.
1048 2543 1077 2591 Ι).

656 2624 670 2649 ι

269 2696 474 2750 Commemorat
492 2710 650 2749 sermonem
669 2696 704 2750 de
724 2697 864 2767 republica
881 2714 945 2753 cum
964 2715 997 2753 eo
1015 2700 1155 2770 habitum,

371 2796 399 2845 et
413 2790 500 2845 futuri
514 2795 630 2844 eventus
644 2806 693 2860 spe
709 2807 877 2863 magnopere
891 2793 1052 2887 delectatur.

266 3039 354 3110 Dum
372 3040 964 3176 sanctissimumgravissimumque
981 3060 1177 3112 sermonem
1197 3062 1251 3111 re·

169 3172 255 3255 peto,
278 3176 383 3253 quem
404 3183 541 3232 mecum
566 3173 646 3233 aute
667 3129 818 3254 religiosi
838 3163 928 3233 illius
950 3185 991 3234 ac
1012 3163 1140 3263 veleris
1167 3172 1251 3233 teru-

170 3285 216 3378 pli
237 3287 329 3355 fores
351 3284 619 3356 nudiustertius
639 3255 807 3366 nituisti,
830 3274 1192 3385 concale'scoacriter,
1214 3293 1250 3352 et

45 3460 49 3469 .
131 3423 133 3428 ’
169 3409 214 3479 ita
235 3416 313 3495 edm
339 3416 375 3476 ut
395 3405 724 3491 oraculumadtvrs
746 3404 983 3498 penetralibus
1004 3401 1248 3539 em'gsumplr·

170 3541 253 3612 tem,
274 3531 433 3599 etlieum
454 3516 537 3609 milri
553 3526 675 3598 videar
692 3527 836 3598 audisse
856 3548 924 3596 nou
946 3527 1131 3599 bominem.
1150 3524 1248 3595 Adeo

170 3652 251 3744 mibi
273 3651 392 3758 diripe
411 3663 620 3744 praesentem
643 3658 789 3731 statum,
819 3650 888 3720 imo
909 3657 1029 3720 casum
1051 3669 1092 3718 ac
1099 3648 1248 3765 ruinam

169 3775 368 3877 reipublioae
388 3774 586 3866 deplorare,
594 3770 699 3843 adeo
720 3728 892 3865 profunde
912 3769 1041 3862 digitos
1055 3771 1184 3862 eloquii
1199 3767 1246 3846 toi

167 3900 201 3968 in
222 3900 368 3969 vulnera
390 3902 518 3967 nostra
527 3893 702 3967 dimittere
718 3892 815 3964 visus
829 3915 925 3977 eras,
949 3903 985 3964 ut
1005 3891 1146 3986 quoties
1168 3915 1247 3966 ver·

168 4017 288 4092 borum
312 4031 448 4092 tuorum
480 4025 588 4127 sortus
613 3988 900 4090 attinendum
922 4013 1057 4089 aurium
1089 4035 1245 4085 mearum

168 4110 269 4227 redit,
279 4141 408 4213 saliens
427 4162 556 4210 moeror
575 4139 618 4210 ad
637 4108 789 4224 ocuibs,
788 4138 886 4223 debr
899 4137 944 4215 ad
957 4138 1109 4208 animum
1127 4157 1245 4207 rever·

167 4265 270 4343 tatum
303 4273 338 4332 et
370 4283 430 4331 cor
463 4281 595 4343 meum,
624 4257 720 4351 quod
750 4259 832 4329 dum
855 4250 1053 4349 loquebaris
1083 4256 1241 4338 ardebat,

165 4378 256 4451 nunc
276 4383 357 4454 dum
382 4383 554 4464 meminit,
574 4381 657 4452 dum
677 4380 821 4472 cogitat,
841 4379 924 4471 duur
947 4358 1118 4484 praevidet
1137 4380 1245 4449 resol-

163 4500 266 4572 vatur
288 4506 321 4574 in
345 4506 522 4586 lacrimas,
559 4528 625 4575 nou
648 4503 789 4595 uiridem
818 4501 1010 4580 immineas,
1028 4499 1088 4569 scd
1113 4500 1241 4586 viriles,
