2670 4688
491 335 644 385 nersronu
666 335 749 382 urru.
1095 321 1155 381 llll

76 499 196 569 perere
222 492 257 550 et
279 478 469 568 lugentium
503 496 594 547 unus
615 497 635 545 e
656 497 802 546 numero
827 477 1054 547 consolatoris
1077 497 1154 568 par-

77 611 138 683 teS,
153 599 223 671 fide
236 600 351 671 valida
368 608 522 690 cogente,
539 597 703 688 suscipio.
718 597 819 669 Dedit
839 597 1082 669 adolescentiae
1097 620 1155 667 ve-

77 733 159 799 strae
180 726 273 794 Deus
286 721 381 815 quod
401 723 464 793 vix
485 742 562 792 raro
583 722 738 793 virorum
754 721 937 792 illustrium
953 721 1049 791 senio
1070 719 1155 789 dare

76 845 176 926 solet,
200 854 237 914 ut
260 853 363 915 aetate
395 842 460 913 hac
492 841 680 914 vanitatem
715 863 831 913 rerum
863 842 1096 912 humanarum
1122 852 1157 912 et

76 966 238 1036 Fortunae
252 966 321 1038 vim
335 987 376 1037 ao
389 963 568 1059 perfidiam
586 965 797 1055 agnoscatis
816 986 897 1057 quae
911 966 1065 1058 profecto
1080 965 1156 1034 nnl-

77 1087 118 1156 lis
137 1088 211 1158 aliis
233 1087 366 1159 artibus
386 1086 476 1157 vinci
496 1094 619 1181 potest¹
644 1086 710 1157 nisi
734 1095 873 1159 summa
892 1085 1027 1157 stabilis
1050 1086 1154 1157 animi

77 1211 215 1281 virtute.
234 1212 330 1281 lllam
351 1208 452 1283 vobis
473 1222 595 1282 natura
614 1210 772 1291 contulit,
800 1211 1020 1305 experientia
1041 1207 1157 1280 firma-

77 1333 138 1415 vit,
161 1331 314 1402 studium
333 1330 581 1421 meditatioque
602 1328 764 1422 perficiet:
792 1329 892 1401 onius
913 1352 979 1422 ope
1006 1331 1059 1401 vel
1094 1329 1157 1400 lro-

75 1453 178 1523 stium
197 1455 253 1523 vel
270 1439 434 1524 Fortunae
451 1452 600 1524 vincetis
620 1451 777 1522 insidias,
799 1452 945 1523 Remoto
967 1462 1080 1543 patre,
1103 1473 1157 1521 re-

76 1576 134 1666 gni
164 1577 258 1648 salus
283 1589 317 1647 et
345 1575 493 1667 publicae
524 1575 598 1667 spei
627 1595 755 1646 ancora
792 1573 826 1643 in
867 1583 987 1646 vestra
1025 1575 1156 1644 virtute

74 1697 217 1770 tundata
241 1708 309 1769 est:
330 1719 434 1790 qnam
450 1698 541 1768 Deus
563 1697 641 1769 ideo
662 1696 743 1767 belli
764 1696 904 1788 casibus
922 1696 1157 1790 praeservavit

75 1823 294 1905 incolumem,
312 1830 348 1890 ut
361 1828 458 1890 esset
477 1841 658 1912 perquem
677 1828 713 1890 et
733 1819 867 1912 sperari
888 1828 1031 1913 possent
1046 1818 1157 1912 patris

74 1945 131 2014 vel
152 1941 316 2026 liberatio,
332 1945 388 2013 vel
404 1941 566 2025 vindicta,
586 1953 622 2013 et
635 1941 720 2011 tanti
735 1940 833 2032 regni
848 1939 1083 2032 gubernacula
1103 1963 1157 2012 re-

74 2074 252 2157 gerentur.
273 2065 368 2136 Onus
389 2086 512 2157 grave,
536 2062 598 2136 sed
617 2066 686 2135 Deo
706 2064 908 2146 auxiliante,
922 2063 1105 2156 possibile:
1120 2073 1157 2135 et

74 2181 168 2274 quod
186 2192 325 2253 aetatem
339 2194 491 2254 vestram
507 2181 664 2263 excedat,
679 2183 797 2265 fateor,
813 2204 882 2253 non
895 2181 1071 2254 virtutem.
1087 2181 1158 2252 Sed

73 2305 235 2396 quoniam
257 2313 295 2373 et
312 2304 461 2374 recentis
481 2303 598 2375 damni
617 2303 781 2374 memoria
808 2314 844 2375 et
871 2324 1028 2395 praesens
1054 2325 1159 2375 oocu-

74 2420 168 2512 patio
188 2429 304 2487 vestra
322 2417 538 2507 multiloquio
572 2427 681 2486 staret
707 2418 871 2501 adversa,
905 2416 1009 2487 finem
1039 2418 1158 2488 verbis

73 2540 264 2631 imponam:
286 2537 352 2607 hoe
373 2536 515 2618 adiecto,
536 2535 630 2628 quod
651 2537 679 2606 si
701 2539 829 2608 vestris
851 2538 1023 2629 regnique
1043 2538 1156 2609 vestri

76 2658 253 2732 laboribus
267 2680 368 2751 opem
382 2658 533 2750 aliquam
552 2680 628 2728 mea
646 2659 787 2730 devotio
802 2661 892 2731 terre
905 2659 1033 2752 possit,
1055 2658 1157 2751 quid·
1175 2656 1184 2679 ‘

75 2782 160 2876 quid
181 2803 259 2852 sum
284 2789 344 2851 aut
365 2800 507 2872 possum
534 2778 639 2852 affero
666 2803 751 2874 pura
772 2779 841 2854 fide
864 2791 994 2852 vestrae
1017 2782 1157 2877 inelytae

75 2903 263 2986 maiestati,
285 2926 388 2996 quam
413 2903 480 2972 mei
503 2924 689 2976 memorem
711 2903 901 2989 consolari,
917 2914 1013 2997 patre
1029 2905 1157 3000 inclyto

75 3027 224 3100 libertati
245 3048 286 3097 ao
303 3026 423 3118 gloriae
441 3026 590 3120 propriae
612 3026 784 3112 restituto,
812 3012 987 3120 quamque
1013 3025 1157 3098 feliciter

78 3172 242 3222 serenare
257 3162 293 3222 et
310 3149 463 3221 stabilire
475 3148 643 3220 divinitus
663 3172 705 3221 ac
721 3150 944 3223 victoriosam
967 3154 1081 3221 tacere
1102 3147 1156 3219 di-

79 3282 205 3365 gnetur
222 3270 431 3343 Altissimus.
446 3271 542 3343 Vale.
