2670 4688
120 246 180 305 430
582 245 745 296 t'ttttlltt'tt

120 401 237 479 forsan
271 395 408 473 infelix,
443 390 504 461 sed
542 387 671 460 virtute
705 384 814 457 animi
848 387 1105 476 felicissimus
1142 397 1222 482 pater

121 529 232 593 morte
265 513 457 593 muletavit,
494 510 650 581 sanctius
683 508 871 579 aestiruans
902 508 986 601 ,sibi
1021 508 1120 581 filios
1151 509 1220 602 eripi

121 663 226 732 quam
247 638 370 733 patriae
392 634 594 706 libertatem.
617 629 785 722 Idemque
797 650 971 722 ¹prorsus
1002 632 1041 706 in
1066 633 1134 704 bac
1150 642 1220 703 mm

123 772 258 857 pestate
279 768 470 854 permetuo,
494 775 607 846 eoque
629 751 833 844 magisque
855 753 1060 845 fragiliora
1084 775 1175 824 nunc
1194 761 1219 822 et

123 884 330 957 volubiliora
351 888 432 951 sunt
450 888 598 969 pectora.
621 875 814 945 Permultos
832 873 1076 946 arbitramur
1095 879 1218 946 futuros

123 1006 251 1099 quibus
276 1005 334 1074 vel
359 1003 470 1072 mixto
502 999 670 1088 sanguine
695 1018 775 1067 cum
800 998 990 1090 tyrannis,
1023 1001 1089 1069 vel
1111 998 1217 1067 miser·

125 1127 210 1198 rima
230 1121 482 1197 consuetudine
508 1118 688 1191 serviendi
713 1138 929 1212 persuasum
956 1120 1010 1191 sit
1031 1120 1216 1193 dulciorem
1252 1200 1255 1215 Ι

124 1267 205 1317 esse
240 1245 404 1316 servilem
437 1242 633 1332 crapulam,
667 1261 772 1331 quarn
805 1237 968 1313 sobriam
1008 1242 1214 1321 libertatern,

123 1368 185 1459 qui
202 1388 243 1451 se
264 1362 397 1457 grande
418 1363 549 1455 aliquid
568 1373 792 1434 assecuturos
814 1373 955 1475 putapt,
974 1367 1011 1435 si
1026 1369 1216 1449 salutentur

125 1491 159 1560 in
181 1476 337 1583 publico,
358 1493 599 1591 accersantur,
622 1486 809 1587 fatigentur
829 1482 1025 1559 obseoenis
1053 1489 1217 1583 imperiis,

124 1612 264 1685 tandem
298 1609 444 1689 infames
478 1620 513 1677 et
547 1605 679 1679 sordidi
714 1594 871 1699 parasiti,
907 1608 1056 1702 iniquis
1096 1612 1218 1685 mensis
1254 1678 1258 1687 .

123 1718 303 1817 assidearit
328 1741 567 1824 tyrannorum,
594 1737 699 1822 atque
724 1727 854 1821 aliquid
873 1729 922 1801 de
944 1732 1219 1826 reliquiisgulae
1254 1690 1260 1781 i

125 1862 194 1923 tam
220 1853 358 1944 capacis
390 1849 613 1927 absorbeant.
641 1852 723 1923 llaee
745 1849 837 1921 enim
861 1852 1029 1942 prolecto
1059 1877 1138 1935 non
1164 1855 1220 1927 alia

124 1974 333 2055 miserorum
352 1973 489 2055 solatia,
508 1972 584 2053 baec
599 1981 769 2043 tantorum
791 1969 1044 2045 discriminum
1068 1986 1111 2046 et
1133 1976 1221 2047 labo
1260 2024 1263 2059 ,

127 2119 212 2193 τυιῐιι
237 2095 389 2189 praemia.
424 2096 476 2166 Tu
509 2094 604 2177 vero,
628 2093 681 2164 vir
699 2093 895 2173 fortissime,
918 2092 980 2185 qui
1009 2106 1157 2169 tantam
1180 2102 1221 2170 la·
1261 2088 1263 2115 '

125 2215 241 2287 bentis
262 2216 475 2308 Reipublicae
501 2218 625 2287 molem
647 2215 713 2309 piis
735 2214 888 2287 humeris
915 2213 1082 2301 subiisti,
1118 2219 1222 2291 nibilc

126 2336 271 2427 segnius
291 2336 466 2409 adversus
488 2339 574 2408 tales
594 2337 691 2408 cives
711 2358 816 2429 quam
836 2334 1015 2406 adversus
1044 2343 1222 2414 erudelis·

127 2460 236 2532 simos
257 2434 390 2532 hostes·
411 2471 567 2533 armatus
594 2459 747 2551 invigila.
774 2460 891 2530 lunior
913 2459 1039 2544 Brute,
1066 2465 1222 2535 senioris

127 2579 312 2674 imaginem
334 2585 554 2681 antppopulos
576 2603 713 2675 semper
737 2579 850 2653 habe:
876 2579 932 2649 ille
956 2572 1090 2655 'consul
1119 2596 1218 2657 erat:

128 2713 163 2771 tu
193 2704 378 2797 Tribunus.
396 2682 434 2774 Si
447 2703 658 2776 conferimus
678 2703 878 2796 dignitates,
898 2703 1007 2773 multa
1026 2706 1184 2796 quidem
1201 2730 1219 2778 a

123 2827 327 2899 consulibus
340 2828 514 2905 adversus
525 2827 662 2921 plebem
680 2829 882 2908 Romanam,
903 2822 1065 2897 animose
1083 2827 1216 2913 dicam,

127 2951 232 3020 multa
244 2951 348 3020 etiam
374 2951 503 3021 atrocia
517 2940 605 3021 fricta
631 2961 728 3032 sunt,
742 2950 842 3021 euius
855 2946 1026 3019 Tribunos
1041 2966 1217 3023 constan·

124 3067 278 3139 tissimos
298 3069 501 3140 defensores
516 3090 653 3163 semper
666 3071 874 3165 accepimus.
893 3068 992 3153 Quod
1019 3069 1051 3139 si
1076 3072 1213 3145 Consul

124 3188 180 3260 ille
200 3187 316 3261 studio
338 3166 504 3275 libertatis
526 3187 616 3260 lilios
637 3191 825 3291 interemit,
851 3188 935 3282 quid
961 3187 1123 3262 Tribuno
1149 3192 1213 3265 tibi

124 3308 297 3402 agendum
320 3309 365 3379 sit
387 3312 419 3381 in
445 3312 583 3385 caeteris
611 3313 702 3384 iride.
728 3315 764 3385 Si
791 3311 891 3385 fidele
923 3310 1110 3384 consilium
1140 3339 1212 3388 non

125 3432 278 3524 respuis,
313 3430 359 3500 nil
394 3436 559 3526 sanguini
587 3434 718 3506 tribues
744 3441 801 3508 vel
822 3435 942 3510 amori.
965 3435 1077 3518 Quem
1101 3438 1211 3511 liber·

124 3550 204 3620 tatis
226 3548 401 3621 inimicum
428 3553 591 3635 senseris,
619 3554 711 3626 scias
733 3556 826 3629 bunc
849 3580 928 3633 aon
961 3555 1116 3626 amicum
1146 3559 1211 3630 tibi

124 3691 204 3742 esse
225 3694 330 3767 posse
350 3674 463 3766 magis
482 3696 585 3767 quarn
609 3673 687 3759 sibi,
711 3678 794 3750 dum
824 3680 959 3773 utrique
988 3678 1085 3771 quod
1113 3701 1212 3774 prae·

125 3797 379 3872 stantissimum
402 3797 504 3871 habet
525 3797 634 3869 tendit
653 3799 799 3893 eripere.
828 3802 876 3875 be
904 3798 990 3873 urbe
1018 3801 1130 3873 Roma
1156 3803 1211 3873 lo·

124 3919 296 4006 qnebatur
330 3922 515 3997 Sallustius
547 3918 606 3991 ubi
639 3919 709 3993 ait:
745 3924 781 3991 in
820 3938 887 3992 tam
923 3946 1046 4012 mcpna
1071 3927 1211 3995 ciuitate

124 4041 228 4109 marita
260 4057 291 4112 et
326 4050 423 4120 varia
453 4044 587 4137 incenia
612 4056 714 4127 sitnm
746 4057 831 4139 quot
860 4055 977 4116 autem
1012 4045 1047 4119 in
1080 4045 1207 4120 eadem
