2834 5086
176 698 195 755 i't
512 694 553 749 llll
575 694 676 749 mut*
698 693 921 749 submissurus

174 842 289 917 trorum
317 835 500 917 rruntlumt.
533 828 640 907 biritu
664 827 823 925 quidam,
851 833 911 925 qui
938 834 1042 906 sessis
1067 856 1109 906 ac
1133 861 1258 931 prope.

176 957 333 1039 rantibus
353 976 429 1031 uros
450 964 516 1037 ont.
540 955 659 1051 pulicis
681 953 736 1026 illa
755 949 873 1025 verbis
893 955 1062 1048 expediit,
1088 968 1124 1030 et
1148 961 1258 1052 quall-

176 1092 226 1157 tur
252 1085 396 1159 ulllutua
418 1079 554 1173 singula
581 1088 681 1175 putas
706 1072 887 1148 audierim.
914 1074 1030 1170 Atque
1063 1077 1099 1151 in
1136 1083 1257 1175 primis

177 1204 272 1283 lrutll
293 1206 360 1283 rud
380 1224 518 1290 nomeu,
540 1223 618 1277 oum
633 1219 703 1295 quo
719 1197 802 1272 dum
818 1207 933 1292 potes,
948 1201 1073 1296 cupide
1085 1225 1161 1288 oro,
1176 1226 1257 1276 ver-

175 1348 266 1412 sruu.
291 1339 429 1425 totaque
447 1326 539 1401 illum
558 1335 670 1396 mente
686 1322 926 1412 complectere.
946 1323 1048 1416 Digni
1064 1326 1152 1397 estis
1172 1330 1257 1399 alte-

174 1458 282 1524 rtttru.
302 1452 393 1525 Sauo
418 1446 513 1543 quod
538 1442 697 1537 sequitur
717 1452 849 1515 uostrae
870 1444 987 1535 gentis
1006 1427 1175 1535 adventu,
1200 1450 1255 1519 Pi-

174 1591 297 1646 srtuum
319 1570 483 1667 populum
503 1566 604 1659 gravi
625 1563 823 1659 suspicione
844 1565 1020 1640 turbatum
1045 1569 1165 1644 mirari
1184 1593 1255 1643 non

173 1691 297 1767 dobes:
315 1714 396 1764 nam
409 1712 523 1785 neque
536 1709 624 1781 gens
645 1690 716 1761 ullu
733 1687 973 1783 suspiciosior,
991 1705 1028 1765 et
1046 1693 1167 1788 vipera
1188 1696 1255 1768 ista

174 1812 348 1896 terribilis,
373 1811 554 1886 rubentem
572 1811 737 1884 dentibus
753 1812 870 1885 virum
896 1812 1087 1908 stringens,
1109 1839 1255 1890 securos

172 1954 312 2029 qnoque
339 1934 512 2008 sollicitat.
538 1935 576 2006 ln
594 1956 666 2028 quo
683 1934 833 2009 Caesaris
857 1934 1112 2029 providentiam
1133 1941 1252 2024 laudo,

170 2077 251 2149 qum
264 2065 301 2128 et
319 2057 441 2152 pavori
461 2056 591 2129 civium
613 2057 798 2143 succurrit,
817 2070 852 2130 at
872 2058 997 2151 pudori
1014 2060 1161 2131 militum
1196 2081 1255 2132 oc·

169 2177 288 2252 currit.
302 2177 405 2264 Quod
416 2201 503 2253 vero
523 2179 568 2254 de
581 2179 692 2272 patria
709 2203 788 2254 mea
806 2179 948 2266 scribis,
967 2182 1048 2255 laete
1064 2182 1253 2254 admodum

170 2301 363 2387 audieram,
379 2300 442 2375 sad
453 2303 569 2375 laetius
589 2301 675 2395 legi,
696 2314 732 2377 et
750 2304 904 2377 Romano
921 2303 1070 2398 principi
1089 2303 1254 2378 obedien-

170 2421 252 2494 tiem
266 2446 335 2496 non
349 2423 484 2515 negari,
498 2437 534 2498 et
550 2425 581 2497 si
600 2448 670 2519 qua
690 2427 757 2500 iam
773 2436 846 2499 tuto
857 2424 944 2498 orbe
962 2430 1132 2518 negleotae
1148 2425 1253 2499 liber-
1365 2510 1367 2515 .

170 2545 251 2617 tatis
266 2568 352 2618 cura
370 2553 439 2631 est,
460 2568 541 2619 eam
561 2547 597 2620 in
617 2548 729 2642 patria
759 2570 836 2621 mee
855 2569 947 2620 esse.
974 2547 1141 2622 Ultimum
1168 2547 1253 2620 nihil

169 2667 293 2752 miror,
313 2668 410 2762 quod
426 2669 472 2743 de
484 2671 561 2745 auri
573 2681 745 2767 potestate
763 2670 976 2744 facetissime
997 2671 1180 2745 cavillatus
1198 2691 1251 2743 es:

169 2789 242 2861 scio
265 2791 360 2863 enim
375 2814 458 2866 esse
479 2795 704 2869 verissimum
723 2795 809 2873 illud
828 2794 955 2869 Flacci:

367 3063 487 3126 Aurum
500 3079 557 3142 per
571 3065 689 3126 medios
704 3064 753 3125 ire
769 3063 910 3157 satellites

406 3160 444 3223 Et
458 3173 659 3239 perrumpere
674 3164 756 3221 emet
772 3173 844 3222 saxa
859 3157 1013 3235 potentius

406 3256 469 3319 lctu
485 3255 642 3320 fulmineo.
823 3334 828 3342 ⁸
952 3308 954 3313 ,
1203 3296 1226 3335 ,

167 3455 267 3539 Quod
287 3453 402 3546 ipsum
422 3456 459 3526 in
477 3455 576 3528 libris
596 3452 918 3545 Metamorphoseos
943 3448 1041 3546 ponit
1068 3451 1248 3547 Apuleius.

167 3577 293 3649 Certus
312 3597 390 3647 sum
414 3575 549 3671 (inquit)
568 3574 765 3670 fragilitatis
785 3573 950 3647 bumanae
970 3574 1068 3662 fidei,
1094 3588 1130 3649 et
1155 3577 1250 3671 quod

166 3698 324 3793 pecuniae
340 3708 474 3771 cunctae
500 3707 583 3771 sunt
598 3698 818 3771 difficultates
844 3700 990 3793 perviae,
1013 3720 1170 3793 auroque
1191 3719 1248 3771 so-

166 3824 260 3894 leant
279 3821 512 3895 adamantinae
529 3823 633 3894 etiarn
654 3821 819 3917 perfringi
840 3823 947 3907 iores3
964 3845 1070 3917 quam
1095 3824 1164 3895 late
1188 3843 1249 3915 pa·

167 3955 244 4016 tans
268 3955 304 4017 et
322 3968 427 4041 qnam
448 3957 530 4017 nota
551 3942 722 4018 sententia
749 3956 817 4030 est,
841 3966 922 4041 qnae
947 3967 1017 4017 non
1042 3944 1147 4016 modo
1171 3943 1249 4034 phi-

166 4067 313 4161 losopho
335 4068 398 4141 sed
412 4067 669 4162 philosophanti
682 4066 846 4142 tribuitur
859 4071 978 4142 asello.
993 4064 1128 4156 Legisti
1142 4060 1248 4134 credo

166 4184 1248 4288 apudPomponiumlllelam,Cosmographlaelibrotertio,esse

165 4312 304 4407 gentem
328 4314 525 4407 AEthiopum
544 4315 618 4388 auri
639 4314 865 4396 ditissimam,
889 4309 973 4380 aeris
994 4305 1164 4401 indigum,
1192 4308 1247 4380 cni

165 4436 306 4510 raritate
338 4449 373 4509 et
393 4411 590 4532 frequentia
620 4440 730 4532 pretia
763 4454 881 4508 rerum
915 4427 1184 4515 alternantibus,
1212 4440 1248 4502 et

165 4571 368 4635 ornamenta
395 4582 493 4633 aenea
519 4571 554 4631 et
587 4562 702 4631 vincla
730 4566 812 4629 sunt
831 4574 948 4627 aurea.
971 4550 1096 4639 Nobis,
1119 4556 1245 4640 amice,
