2670 4688
328 279 417 328 urnnn
441 277 781 329 sternumentum.-
795 278 949 328 urrsronn
970 281 1020 328 xv.
1158 266 1215 328 tle

139 415 301 496 diximus.
315 422 456 484 aetatum
474 433 613 504 quoque
626 409 814 485 diversitas
827 435 897 485 uon
911 414 1215 507 recipit3qu0niam

140 544 177 606 ut
196 536 374 627 eleganter
399 533 447 603 ait
466 533 523 604 ille
548 533 608 625 qui
635 533 683 607 nil
708 533 888 624 inelegans
908 535 967 616 ait3
988 536 1115 607 mortui
1135 536 1215 609 odio

139 666 258 728 carent
289 665 324 728 et
356 655 499 726 invidia.
529 655 644 725 lunato
669 653 756 725 mibi
781 651 885 728 fidem
905 655 1028 741 dabis,
1049 657 1237 732 delectari·

138 799 195 850 me
212 777 362 850 bominis
380 778 520 869 iugenio
536 787 572 849 et
589 779 684 849 stilo:
715 799 829 870 neque
844 776 890 849 de
908 778 974 849 boc
992 801 1144 872 uuquam
1162 803 1217 853 me

138 900 206 972 nisi
227 898 412 991 magnifice
432 899 525 991 loqui
546 897 697 971 solitum.
720 899 832 971 Unum
850 901 1018 993 estquod
1039 905 1217 995 scrupolo-

140 1024 215 1094 sius
232 1020 489 1114 inquirentibus
506 1022 695 1114 aliquando
712 1023 892 1115 respondi,
907 1024 1020 1096 luisse
1036 1025 1131 1095 illum
1150 1023 1217 1097 sibi

139 1145 324 1238 imparem,
339 1142 434 1236 quod
447 1144 482 1214 in
496 1144 632 1234 vulgari
651 1145 801 1237 eloquio,
820 1165 928 1236 quam
950 1147 985 1217 iu
1004 1145 1217 1219 carminibus

140 1276 201 1340 aut
219 1287 326 1360 prosa
343 1266 468 1339 clarior
488 1277 594 1358 atque
614 1266 715 1338 altior
732 1267 897 1357 assurgit.
920 1267 1021 1350 Quod
1042 1288 1157 1360 neque
1181 1280 1219 1341 tu

139 1411 259 1481 neges,
282 1411 347 1462 nec
369 1390 433 1460 rite
453 1388 680 1462 censentibus
699 1389 794 1460 aliud
809 1412 916 1483 quam
935 1389 1075 1462 laudem
1091 1399 1127 1461 et
1143 1390 1218 1480 glo·

139 1512 225 1585 riam
247 1513 314 1584 viri
340 1522 451 1584 sonat.
479 1511 566 1594 Quis
591 1512 684 1583 enim
711 1534 779 1585 non
804 1512 919 1586 dicam
946 1536 1041 1586 nunc
1064 1514 1219 1587 extincta

138 1637 421 1727 complorataque
434 1636 503 1707 iam
516 1634 651 1730 pridem
664 1637 872 1729 eloquentia,
887 1637 952 1709 sed
967 1636 1052 1709 dum
1067 1637 1219 1710 maxime

140 1757 254 1828 lloruit
274 1759 310 1827 in
331 1758 424 1828 omni
446 1755 523 1828 eius
545 1769 643 1851 parte
664 1778 824 1829 summus
845 1760 935 1830 luit?
956 1761 1050 1850 Lege
1076 1762 1220 1833 Senecae

139 1878 433 1951 declamationum
454 1879 572 1952 libros.
595 1880 673 1953 Nou
698 1880 734 1952 id
760 1881 917 1953 Ciceroni
938 1882 1122 1962 tribuitur,
1149 1902 1219 1953 non

118 2001 300 2111 ‘Virgilio
316 2024 383 2073 non
398 2003 575 2086 Sallustio,
600 2026 668 2075 non
688 2004 833 2076 Platoni.
856 2004 942 2088 Quis
956 2005 1096 2076 laudem
1117 2005 1221 2075 tantis

139 2124 288 2216 ingeniis
321 2135 483 2218 negatam
510 2125 664 2199 ambiat?
689 2126 765 2198 Uno
791 2127 826 2196 in
852 2148 983 2219 genere
1008 2124 1221 2198 excelluisse

140 2247 226 2319 satis
246 2257 312 2322 est.
331 2249 419 2332 Quae
432 2271 511 2322 cum
532 2250 580 2321 ila
597 2250 839 2336 siut-sileant,
854 2269 991 2344 quaeso,
1011 2251 1070 2342 qui
1089 2251 1221 2322 calum·

139 2371 233 2443 niam
254 2380 403 2442 struunt.
425 2371 471 2441 At
490 2371 551 2463 qui
570 2374 657 2443 forte
676 2371 972 2444 calumniantibus
985 2371 1219 2454 crediderunt

142 2488 177 2556 bi
200 2488 342 2571 silibet,
361 2489 526 2561 iudicium
540 2512 658 2563 meum
679 2493 807 2581 legant.
831 2491 891 2562 His
911 2514 979 2583 ego
997 2491 1125 2584 quibus
1143 2514 1223 2585 pre·

142 2606 262 2680 mcbar
282 2607 377 2700 apud
397 2618 432 2679 tc
451 2609 630 2700 depositis,
646 2608 691 2681 ad
708 2610 902 2683 secundum
924 2610 1038 2682 venio.
1058 2613 1159 2696 Quod
1176 2611 1222 2684 dc

143 2737 202 2800 tua
222 2732 334 2802 salute
360 2741 431 2805 lam
466 2730 623 2804 solicitus
660 2731 786 2803 luerim
808 2733 940 2825 gratias
966 2735 1059 2826 agis:
1087 2733 1222 2806 urbane

85 2833 97 2857 ’
141 2853 256 2948 potius
274 2863 312 2925 et
331 2856 467 2948 vulgari
489 2877 585 2927 more
605 2877 710 2949 quam
733 2854 827 2948 quod
848 2856 986 2930 nescias
1004 2878 1221 2951 supervacue

141 2975 177 3046 id
197 2974 283 3047 lieri.
306 2977 391 3049 Nam
413 2977 470 3051 cui
492 2999 644 3072 unquam
670 3000 733 3071 pro
760 2979 813 3049 sul
840 2979 953 3071 ipsius
980 3001 1065 3052 cura
1087 3001 1221 3072 proque
1270 3072 1272 3076 .

142 3122 180 3170 re
201 3099 340 3193 propria
360 3100 448 3174 bene
469 3111 570 3193 gesta
590 3100 714 3193 gratiae
733 3109 821 3173 actae
842 3105 946 3172 sunt?
966 3103 1003 3172 ln
1025 3114 1075 3183 te,
1098 3100 1218 3182 amice,

142 3245 221 3294 mea
243 3245 300 3294 res
320 3224 445 3315 agitur.
475 3225 550 3296 Etsi
568 3224 731 3317 equidem
746 3223 781 3294 in
795 3221 903 3296 rebus
922 3224 1084 3294 humanis
1103 3223 1219 3295 amici·

143 3347 189 3414 tia
210 3353 291 3438 post
307 3343 473 3417 virtulem
492 3346 578 3416 nibil
597 3345 764 3428 sanctius,
787 3344 871 3415 nibil
889 3344 1092 3417 deiformius
1118 3344 1221 3414 nibil-

142 3488 210 3559 que
231 3466 421 3550 coelestius
445 3478 561 3538 tamen
588 3469 717 3540 referre
744 3466 909 3552 arbitror,
931 3490 976 3538 an
996 3489 1115 3538 amara
1137 3467 1221 3537 inci-

141 3593 217 3683 pias
238 3612 280 3662 an
299 3591 422 3675 amari,
444 3593 691 3684 aliquantoque
718 3592 917 3684 religiosius
943 3590 1107 3663 colendas
1134 3591 1220 3662 ami-

143 3715 241 3785 citias
259 3713 292 3783 in
313 3713 442 3806 quibus
460 3713 587 3784 amoris
606 3713 702 3783 vices
721 3713 901 3786 reddimus
918 3734 1022 3806 quam
1040 3711 1074 3782 in
1092 3710 1219 3805 quibus

142 3838 340 3931 accipimus.
362 3835 493 3928 Nempe
515 3844 554 3906 ut
573 3835 694 3906 sileam
716 3838 841 3920 mulla,
865 3835 924 3905 ubi
946 3858 1002 3907 me
1022 3837 1089 3907 luis
1115 3817 1219 3906 obse-

141 3961 233 4053 quiis
253 3970 357 4054 atque
377 3958 538 4030 amicitiae
558 3955 761 4029 muneribus
784 3959 914 4030 victum
941 3957 1026 4040 scio,
1052 3979 1159 4030 unum
1180 3957 1217 4026 il-

10 4173 11 4176 *
143 4080 202 4152 lud
221 4081 380 4154 oblivisci
399 4104 577 4174 nunquam
598 4081 740 4175 possim,
763 4082 858 4173 quod
879 4093 914 4154 tu
932 4083 1014 4153 olim
1032 4104 1089 4153 me
1110 4080 1216 4152 Italiac
