2670 4688
169 283 224 342 tttt
505 290 546 337 oe
566 286 668 336 irenes
688 286 917 346 enuntiemus

168 437 257 505 inter
278 435 362 505 haee
383 431 497 503 studia
517 443 551 502 et
574 430 638 499 lias
659 450 764 500 curas
790 436 957 526 spiritum
984 445 1168 523 exhalare.
1197 454 1267 525 Ubi

166 559 257 628 enim
274 557 397 627 melius
409 555 556 648 possim,
571 564 632 624 aut
643 550 728 644 quid
740 559 881 644 agendo
895 566 1008 637 tutius
1022 569 1105 641 bine
1118 573 1264 661 abeam,

167 701 271 779 quom
292 678 441 748 amando
457 687 492 748 et
510 673 735 747 memorando
752 687 788 745 et
804 677 986 758 laudando
1006 711 1152 786 semper
1164 719 1262 781 eum,

167 803 225 894 qui
251 800 399 871 nisime
425 822 563 894 semper
591 808 758 887 amasset,
782 799 865 870 nihii
893 809 1037 898 penitus
1064 818 1139 901 rel,
1163 820 1264 911 quod

167 925 282 994 minus
307 935 363 994 est
389 923 508 1004 nihilo,
531 921 638 991 miser
661 940 793 1000 essem,
820 937 856 995 et
882 928 915 996 si
939 931 1019 1002 eius
1042 956 1145 1008 amor
1171 962 1262 1034 erga

165 1071 220 1121 me
242 1045 344 1118 finem
371 1045 567 1127 habuisset,
597 1065 672 1115 meo
699 1040 802 1113 finem
831 1048 974 1120 miseria
992 1076 1062 1126 non
1082 1057 1261 1134 haberet?

166 1172 290 1242 Amavi
305 1193 372 1262 ego
390 1170 590 1239 Ciceronem
611 1167 735 1249 fateor,
749 1179 786 1238 et
797 1168 982 1261 Virgilium
1001 1180 1119 1249 amari
1142 1204 1260 1278 usque

165 1296 253 1367 adeo
272 1293 414 1387 quidem
434 1293 514 1362 stilo
533 1289 726 1361 delectatus
742 1302 777 1362 et
794 1291 949 1383 ingenio,
968 1309 1007 1369 ut
1023 1300 1111 1372 nihil
1129 1325 1258 1401 supra:

165 1417 252 1488 alios
273 1435 413 1508 quoque
433 1433 537 1505 quam
560 1410 727 1503 plurimos
747 1432 794 1481 ex
812 1412 999 1487 illustrium
1017 1431 1177 1509 caterva,
1192 1428 1259 1499 sed

166 1539 230 1610 hos
247 1540 294 1608 ita
314 1536 416 1628 quasi
438 1535 494 1606 ille
512 1533 597 1604 mihi
614 1553 740 1624 parens
757 1533 877 1616 suerit,
899 1537 965 1608 iste
985 1563 1196 1632 germanus.
1218 1551 1257 1622 ln

165 1660 258 1730 huuc
283 1681 436 1731 amorem
460 1680 514 1728 me
538 1655 722 1729 amborum
748 1655 851 1727 duxit
873 1659 1072 1749 admiratio,
1093 1677 1133 1738 et
1153 1673 1259 1745 sami-

167 1783 300 1856 liaritas
331 1805 410 1855 eum
437 1782 573 1853 iliorum
600 1776 749 1869 ingeniis
778 1781 882 1872 longo
912 1784 1028 1857 studio
1054 1800 1257 1883 contractu,

164 1915 329 1999 quantum
349 1907 525 1977 visiseum
541 1901 738 1975 hominibus
756 1903 818 1973 vix
838 1907 995 1978 contrahi
1011 1931 1119 2000 posse
1137 1931 1257 2009 putes.

165 2028 288 2101 Amavi
310 2029 470 2101 similiter
491 2029 665 2098 Platonem
688 2047 734 2095 ex
755 2027 885 2101 Graecis
911 2042 1016 2122 utque
1042 2035 1258 2129 Homerum,

128 2209 129 2212 ,
164 2174 312 2244 quorum
334 2153 472 2251 ingenia
498 2151 629 2222 nostris
654 2148 807 2225 adurota.
839 2170 934 2242 saepo
959 2152 1077 2225 iudicii
1101 2157 1258 2235 dubium

167 2296 222 2345 me
234 2276 359 2345 secere.
374 2275 441 2346 Sed
455 2275 521 2346 iam
542 2294 634 2343 nune
651 2272 762 2343 maius
778 2271 892 2364 agitur
905 2275 1102 2365 negotium,
1121 2284 1258 2358 maior.

70 2380 72 2386 ’
164 2421 233 2491 que
255 2399 377 2470 salutis
397 2420 504 2494 quom
529 2395 739 2492 eloquentiae
763 2416 848 2465 eura
873 2405 938 2464 est.
966 2396 1053 2487 Legi
1078 2421 1166 2491 quae
1192 2408 1262 2481 de.

166 2520 351 2607 lectabant,
371 2526 451 2617 lego
471 2543 551 2618 quae
571 2520 718 2617 prosint.
738 2517 799 2589 His
815 2515 901 2586 mihi
918 2538 1010 2588 nuuc
1023 2518 1166 2593 animus
1187 2544 1260 2616 est,

163 2644 269 2719 immo
293 2669 377 2718 vero
403 2646 605 2742 iampridem
634 2645 710 2727 suit,
733 2662 847 2732 neque
872 2638 963 2709 euim
991 2662 1083 2710 nuno
1109 2643 1259 2744 incipio,

165 2766 286 2859 Neque
306 2791 393 2840 vero
414 2793 469 2841 me
496 2769 529 2840 id
550 2780 631 2838 oute
652 2777 791 2856 tempus
811 2780 915 2851 agere
938 2782 1037 2832 coma
1056 2763 1187 2856 probat
1204 2775 1262 2845 at·

165 2886 326 2957 beseens.
349 2889 490 2979 lamque
510 2897 667 2959 oratores
692 2882 760 2955 mei
783 2880 910 2953 suerint
933 2880 1158 2975 Ambrosius,
1183 2893 1259 2967 Au.

166 3006 346 3096 gustinus,
362 3005 594 3100 Hieronymus
613 3018 646 3079 et
665 3002 872 3095 Gregorius:
895 3001 1124 3101 philosophus
1147 3034 1259 3089 meus

164 3130 309 3211 Paulus,
325 3137 424 3220 poeto
439 3128 563 3210 David,
586 3152 703 3223 quem.
722 3138 758 3203 ut
773 3126 873 3213 trosti,
896 3129 1022 3200 multos
1040 3140 1121 3202 onte
1135 3154 1258 3212 annos

166 3251 276 3344 primu
296 3251 421 3341 egloga
439 3248 584 3322 bucolici
608 3251 772 3325 curinioirt
797 3250 841 3324 itu
870 3272 948 3323 cum
981 3252 1143 3338 Homero,
1172 3259 1259 3331 Vir·

168 3371 320 3462 gitioque
346 3371 536 3463 composui,
566 3386 601 3445 ut
628 3372 672 3443 ibi
701 3371 839 3467 quidem
863 3373 1005 3445 victorio
1031 3397 1161 3467 aueeps
1191 3382 1255 3469 sit,

169 3491 340 3576 tuerere,
363 3492 427 3561 etsi
451 3493 567 3564 adhue
589 3494 704 3567 obstet
728 3493 889 3567 ruilieutm
909 3496 1174 3568 consuetudinis
1196 3504 1258 3577 vis

169 3614 327 3703 antiquo,
354 3613 498 3684 dubium
527 3618 702 3687 tamenin
731 3641 767 3689 re
792 3638 871 3687 esse
905 3641 972 3690 uon
1007 3619 1089 3687 sinit
1122 3618 1257 3697 victrix

169 3735 398 3823 experientia,
421 3750 525 3830 atque
545 3739 656 3809 ocutis
683 3761 761 3811 sese
789 3740 975 3817 infundens
1000 3728 1131 3827 turgida
1159 3747 1258 3816 veri-

172 3865 232 3924 tus.
253 3856 372 3948 Neque
392 3860 470 3932 ideo
486 3863 567 3955 quia
587 3861 651 3932 hos
666 3862 893 3955 preetulerim,
913 3863 989 3930 ilios
1007 3858 1140 3945 abricio,
1156 3871 1255 3955 quod

170 3998 208 4044 se
235 3978 359 4047 secisse
386 3981 618 4078 Hieronymus
640 3980 791 4052 seribere
819 3984 932 4076 potius
959 4005 1064 4074 quam
1090 3991 1254 4073 sequenti

171 4100 248 4169 stilo
276 4102 469 4193 tqqrrolrure
505 4105 602 4176 risus
634 4116 689 4176 est
716 4102 809 4174 milri.
840 4106 913 4195 Ego
948 4114 1115 4199 utrosque
1145 4106 1252 4182 simut
