2670 4688
471 313 624 361 erusreun
646 314 728 361 xxrr.
1077 299 1134 359 373

64 460 245 553 praeteritis
266 462 486 530 succurrere!
511 459 581 530 Sed
604 460 855 532 irretractabile
872 472 929 533 est
943 462 1135 554 quodcum-

62 605 130 675 que
147 583 328 678 praeteriit,
346 590 381 651 et
398 581 559 654 humanis
577 583 731 655 consiliis
748 596 949 678 exemptum
965 584 1135 678 quidquid

64 717 202 797 atergo
228 716 292 777 est.
321 705 446 778 Fecisti
472 704 567 798 quod
590 706 721 778 bomini
747 705 894 779 licebat:
916 707 1057 792 bomini,
1083 710 1136 802 in-

63 850 180 920 quam,
204 852 271 900 non
291 812 431 899 cuilibet
451 827 512 899 sed
535 830 653 913 unico,
675 827 719 900 ad
739 831 926 901 multorum
948 830 1135 914 bominum,

63 951 132 1021 imo
145 952 188 1023 ad
202 950 503 1023 innumerabilium
519 955 721 1044 populorum
732 953 1004 1045 compescendas
1017 950 1137 1023 finien-

63 1072 198 1164 dasque
223 1073 381 1144 miserias
409 1073 544 1145 coelitus
573 1071 757 1143 destinato.
787 1072 866 1143 lure
893 1073 1016 1164 igitur,
1043 1073 1136 1166 qued

65 1197 148 1265 nulli
169 1217 318 1287 unquam
340 1196 507 1267 accidisse
526 1196 612 1279 seio,
631 1195 676 1266 de
694 1194 814 1266 multis
829 1192 1037 1287 magnisque
1056 1216 1137 1266 con-

64 1318 163 1388 lectis
184 1318 284 1389 bellis
305 1319 392 1391 miro
412 1340 556 1413 prorsus
582 1318 723 1390 honoris
749 1312 942 1410 privilegio,
965 1320 1040 1390 siue
1059 1340 1137 1388 cur-

66 1440 171 1522 ribus,
191 1442 266 1512 sine
287 1443 404 1526 armis,
425 1443 500 1513 sine
516 1442 733 1536 captivorum
749 1462 884 1534 pompa,
900 1441 975 1511 sine
989 1443 1138 1512 tumultu

64 1564 379 1661 circumstrepentis
400 1565 588 1646 exercitus,
615 1563 681 1635 sed
708 1573 847 1656 togatus
869 1585 911 1635 ac
932 1565 1136 1657 tranquillus

63 1689 151 1759 inter
168 1690 356 1760 lavantium
373 1689 493 1760 Galliae
509 1688 767 1780 Britanniaeque
785 1709 908 1771 voees,
927 1699 1030 1780 atque
1048 1687 1138 1758 inter

62 1812 205 1901 plausus
252 1813 397 1880 multum
441 1810 623 1902 gaudentis
669 1811 836 1881 Ecclesiae
886 1811 1136 1903 gloriosissime

65 1932 303 2024 triumphabis.
338 1935 414 2005 Heu
443 1957 504 2005 cur
529 1955 621 2005 nunc
641 1931 790 2004 absum?
811 1932 880 2005 Sed
910 1945 1019 2017 certe,
1043 1933 1136 2026 quod

64 2053 145 2123 inibi
169 2056 362 2149 ‚praeripere
393 2057 544 2128 Fortuna
570 2079 639 2126 non
663 2057 802 2150 poterit,
829 2057 945 2127 animo
978 2076 1137 2148 praesens

62 2199 133 2248 ero.
157 2178 191 2246 lu
215 2179 356 2271 reliquis
378 2202 462 2251 sane
483 2201 563 2273 quae
584 2191 697 2251 meet
722 2181 887 2250 statulum
921 2202 1036 2250 meum
1063 2191 1137 2250 tan-

62 2311 162 2390 gunt,
181 2321 242 2370 oro
261 2313 306 2385 te,
326 2301 542 2372 dominorum
561 2302 689 2396 optime
708 2313 917 2396 patrumque
935 2301 1133 2383 mitissime,

63 2434 154 2494 utet
175 2424 307 2493 Socrati
328 2445 406 2492 meo
425 2423 566 2506 credas,
587 2436 622 2494 et
642 2424 790 2496 libertati
812 2445 899 2495 meae
925 2427 1044 2495 faveas
1060 2437 1134 2508 ‚ut

63 2564 174 2634 spero.
197 2543 298 2625 Vale,
319 2543 566 2632 gloriosissime
588 2546 791 2635 praesulum,
823 2544 930 2614 decus
964 2554 1134 2615 nostrum.

203 2689 357 2757 Mediolani,
374 2689 424 2744 Vll
440 2689 578 2744 Kalendas
595 2690 666 2743 lulli.

564 2907 638 2916 -α--ο

456 3116 632 3181 EPISTULA
654 3117 758 3181 XXVll.

169 3286 361 3337 Funuclsctts
383 3287 550 3358 Purunncu
571 3287 675 3337 PETRO
696 3288 885 3338 bonualdus]
907 3291 932 3339 S.
955 3293 982 3341 P.
1005 3278 1035 3343 D:

91 3428 126 3482 Se
142 3425 213 3480 hene
228 3427 328 3481 valere,
342 3426 382 3482 De
398 3427 474 3482 obitu
488 3427 644 3499 Pandulphi
658 3427 807 3483 lllalatestae
822 3434 849 3484 et
864 3429 995 3486 Iohannis
1008 3432 1111 3503 Pepoli.

402 3518 441 3572 De
455 3516 537 3572 rebus
553 3519 611 3574 suis
624 3517 811 3600 familiaribus.

163 3754 302 3823 Litterae
333 3763 428 3835 tuae,n
452 3763 628 3846 compater
660 3763 694 3823 et
725 3755 835 3824 amice
867 3756 1008 3850 optime,
1041 3752 1140 3824 lertio

66 3895 183 3945 mense
216 3888 402 3969 postquam
424 3875 516 3947 datae
536 3885 635 3945 crant
666 3876 711 3946 ad
744 3898 799 3946 mc
832 3888 1069 3969 pervenerunt
1093 3876 1138 3947 ita

67 3995 267 4068 madeiaetae
294 4009 329 4069 et
353 4001 479 4069 lacerae
499 4009 536 4068 ut
552 3999 614 4069 vix
633 3997 700 4089 legi
719 4009 872 4092 possent.
892 4001 992 4083 Quod
1010 4001 1139 4073 idcirco

67 4119 228 4207 prmlutus
243 4093 328 4206 sum,
345 4145 388 4192 ne
410 4122 453 4194 de
474 4122 633 4216 responsi
656 4133 796 4214 stupeas
816 4123 985 4196 tarditate.
1011 4127 1139 4196 Perve-
