2670 4688
149 263 151 266 Ι
256 279 904 337 11111111,1’16Ε51111“5011ι11111]8.-ΕΡΙὸΤΟΙΛ
930 279 991 327 xlll.
1080 267 1139 326 11115

466 611 644 676 urrsrom
672 586 739 674 ιιι.

218 785 411 835 runuclscus
431 784 600 834 ruraliter
621 783 756 833 socuurl
777 783 836 834 SUO
857 785 883 834 S.
906 785 933 834 P.
956 787 986 834 D.

81 928 216 1001 Epistolas
232 928 315 982 hasce
333 926 369 980 de
387 925 472 981 rebus
488 924 685 993 familiaribus,
701 924 736 979 de
750 941 871 996 quarum
885 925 982 981 ordine
995 926 1122 997 quadam

378 1017 504 1081 enarrat,
520 1012 560 1066 illi
572 1028 670 1067 rursus
685 1012 819 1068 inscribit.

157 1286 187 1356 Α
209 1297 244 1358 te
263 1286 483 1380 principium,
507 1286 541 1357 iu
570 1296 602 1357 te
628 1281 718 1355 linis.
746 1283 863 1355 Habes
888 1305 988 1376 ergo,
1011 1285 1058 1355 mi
1079 1283 1143 1357 So-

59 1422 188 1491 crates,
206 1407 300 1500 quod
319 1408 457 1501 optasti.
479 1407 622 1478 Librum
639 1429 660 1478 e
677 1407 765 1477 meis
779 1407 884 1498 nugis
898 1407 1005 1479 multa
1026 1428 1142 1485 rerum

60 1555 101 1603 ac
120 1531 308 1603 verborum
330 1530 525 1624 imparitate
543 1539 757 1613 contextum,
780 1527 875 1600 haud
892 1529 1064 1600 immerito
1083 1528 1144 1600 de-

60 1656 180 1725 licatas
200 1674 305 1724 aures
326 1654 541 1723 offensurum
563 1673 670 1744 opus:
692 1652 864 1743 quamvis,
883 1659 988 1722 otest
1007 1649 1143 1722 animus

61 1775 258 1846 mortalium
281 1795 394 1864 vagus
414 1786 450 1844 et
471 1773 605 1856 varius,
633 1785 668 1843 et
689 1774 777 1843 velle
797 1793 898 1843 suum
925 1773 1051 1865 cuique
1076 1785 1142 1869 est,

60 1895 271 1988 quibusdam
288 1894 585 1987 fortasse,quibus
600 1896 749 1987 qualitas
766 1917 883 1965 rerum
900 1917 967 1964 non
986 1894 1142 1988 placebit,

60 2018 137 2110 ipsa
159 2018 234 2088 haec
260 2018 305 2087 sit
324 2017 491 2110 placitura
515 2017 680 2104 varietas.
709 2018 895 2106 ignoscent
918 2038 1006 2087 vcro
1031 2016 1087 2085 alii
1115 2018 1143 2085 si

60 2139 281 2209 meminerint
298 2137 365 2209 huc
382 2161 524 2210 menon
542 2161 618 2209 mea
638 2151 762 2233 sponte
781 2139 843 2210 sed
862 2138 983 2209 amicis
998 2145 1143 2213 tractum

60 2262 221 2355 precibus
245 2261 486 2347 descendisse,
510 2261 724 2355 parendique
749 2261 926 2354 cupidine,
949 2282 1014 2331 nec
1034 2261 1145 2332 aliena

61 2384 186 2455 iudicia
200 2407 264 2454 nec
277 2385 524 2475 occupationes
539 2405 634 2452 meas
648 2397 753 2474 atque
768 2381 1026 2473 irreparabilem
1040 2382 1145 2452 huius

60 2503 183 2594 exigui
209 2513 244 2572 et
271 2502 391 2571 incerti
419 2503 585 2594 temporis
612 2503 838 2592 pertimuisse
859 2503 1036 2571 iacturam.
1058 2502 1145 2572 Nam

62 2634 108 2704 tu,
131 2623 159 2690 si
181 2621 267 2712 quid
285 2620 480 2703 offenderit,
500 2642 567 2690 nou
589 2620 688 2702 mihi,
709 2620 772 2691 sed
794 2619 853 2690 tilii
873 2620 1010 2689 veniam
1031 2620 1143 2704 dabis,

61 2756 97 2815 et
122 2744 236 2814 dices:
264 2742 329 2815 hoc
356 2742 466 2813 uolui:
494 2765 625 2833 negare
659 2743 715 2813 ille
749 2742 796 2812 nil
822 2742 932 2834 potuit
958 2753 1053 2812 tanto
1079 2745 1145 2813 mci

61 2869 368 2959 amantiorquanto
382 2865 613 2958 negligentior
630 2865 694 2936 sui.
705 2864 921 2958 Sedquidem
931 2867 1055 2936 nullus
1069 2868 1144 2958 plu-

62 2990 112 3059 ris
129 3001 184 3060 est
204 2991 349 3072 amicus,
368 3012 473 3081 quam
491 2988 546 3061 cui
564 2991 667 3060 famae
685 2989 835 3082 propriae
853 3001 991 3061 constat
1012 2991 1145 3084 impen-

61 3111 131 3180 dio.
159 3113 291 3193 lllultis,
327 3123 363 3182 et
395 3114 590 3205 praesertim
613 3112 728 3195 bonis,
752 3114 823 3183 vita
843 3123 950 3205 atque
981 3113 1144 3206 operibus

61 3231 174 3302 carior
201 3234 289 3303 fama
315 3243 385 3317 cst,
409 3258 513 3325 quam
538 3236 595 3326 qui
619 3257 683 3328 pro
702 3235 815 3306 amico
836 3236 1027 3329 spreverit,
1052 3233 1144 3304 haud

61 3352 168 3423 dubie
194 3353 315 3421 viliora
341 3365 551 3435 contemnet,
575 3355 602 3424 si
626 3377 684 3425 res
704 3357 836 3446 exigat.
856 3357 899 3424 Et
917 3355 983 3425 hoc
1003 3354 1144 3445 quidem

62 3496 150 3569 opus
168 3473 374 3543 adolescens
391 3476 493 3568 coepi,
514 3497 623 3547 senex
638 3499 782 3570 perago:
801 3478 871 3548 imo
889 3498 975 3547 roro
993 3486 1145 3568 coaptum

63 3617 265 3689 prosequor.
286 3596 397 3665 Unum
420 3605 475 3668 c‘st
494 3599 585 3667 euim
608 3599 672 3670 hoc
694 3622 741 3669 ex
762 3601 938 3682 omnibus,
954 3599 1008 3670 cui
1024 3618 1147 3690 supre-

65 3741 153 3789 mam
177 3720 249 3790 sola
272 3738 365 3787 mors
393 3718 543 3809 imponet
565 3743 716 3791 uranum.
739 3724 920 3806 Quomodo
946 3744 1014 3813 ego
1039 3723 1144 3792 alium

65 3840 164 3910 unrici
183 3841 342 3931 colloquii
360 3860 465 3933 quam
485 3840 567 3911 vitae
585 3840 688 3912 finem
712 3848 873 3935 sperem?
895 3845 964 3912 Aut
982 3862 1144 3935 quaenam

65 3959 140 4030 dies
163 3984 216 4032 me
238 3963 424 4053 spirantem
446 3963 536 4033 inter
562 3984 623 4033 eos
646 3963 788 4033 tacitum
810 3964 946 4046 efficiet,
969 3985 1047 4034 cum
1068 3963 1145 4055 qui-

64 4078 131 4148 lius
151 4102 211 4150 ore
226 4083 340 4170 gelido
359 4087 587 4191 sepultusque
605 4085 697 4177 loqui
717 4086 856 4172 cogito‘?
872 4089 960 4156 Hinc
977 4109 1060 4159 sane
1074 4107 1143 4156 non

192 4213 217 4249 ru
958 4207 989 4256 ΞΟ
