2670 4688
510 537 687 602 EPISTULA
714 538 769 600 xit.

220 719 415 768 i'ithClSGUS
438 715 605 764 PETRARCA
628 714 727 763 blODlO
749 713 908 761 anabaust
930 714 955 759 S.
979 715 1006 760 Ρ.
1031 715 1060 760 b.

116 896 216 949 Narrat
240 894 305 949 balli
329 892 536 947 difficultatibus
564 893 618 945 iter
641 890 694 945 sibi
718 891 746 943 in
775 890 953 944 Germaniam
973 889 1166 944 interdictum:

148 990 176 1038 et
188 985 317 1055 quaedam
330 983 358 1036 in
371 982 443 1037 libro
457 996 508 1035 suo
521 981 561 1035 De
573 980 636 1035 Vita
648 979 778 1035 Solitaria
790 979 964 1034 emendanda
976 977 1133 1032 committit.

198 1223 328 1291 Amice.
357 1223 429 1291 Deo
455 1219 544 1289 duce
566 1219 752 1290 incolumis
781 1220 848 1288 buc
874 1219 1021 1310 perveni
1048 1217 1105 1286 Vl.
1133 1215 1188 1287 die

102 1353 284 1435 postquam
303 1366 322 1412 a
343 1343 445 1415 vobis
461 1343 707 1425 discesseram,
726 1362 797 1434 quo
814 1342 848 1411 in
867 1342 933 1412 boo
955 1361 1070 1412 rerum
1094 1349 1187 1410 statu

103 1467 165 1534 vix
193 1465 343 1536 volucris
368 1474 598 1558 penetrasset.
632 1465 718 1533 Hine
744 1462 888 1533 atterius
914 1472 1064 1535 nonest
1096 1473 1189 1532 tran-

103 1588 206 1670 situs,
234 1584 302 1657 nisi
329 1585 423 1657 atiud
444 1597 630 1680 appareat3
658 1606 738 1655 nam
764 1596 800 1655 et
824 1583 916 1654 betto
943 1585 1101 1655 clansam
1123 1583 1190 1653 iter

104 1708 271 1799 undique,
293 1715 398 1800 atque
419 1707 473 1778 his
495 1707 619 1778 diebus
645 1708 735 1800 capti
758 1718 969 1778 mercatores
989 1706 1132 1798 aliique:
1154 1718 1189 1776 et

104 1841 270 1918 praeterea
291 1829 416 1900 litterae
433 1828 564 1900 domini
583 1827 821 1921 Imperatoris,
844 1850 932 1920 quas
956 1827 1011 1898 hic
1032 1828 1189 1898 invenire

104 1951 298 2043 sperabam,
319 1971 388 2021 non
404 1963 589 2035 venerunt,
612 1972 728 2042 neque
751 1950 806 2019 iric
829 1948 993 2021 dominus
1008 1952 1083 2022 vult
1105 1951 1188 2020 mihi

104 2074 313 2159 conductum,
346 2088 384 2146 ut
415 2077 608 2169 vulgariter
632 2080 767 2169 loquar,
795 2078 901 2159 dare,
930 2079 998 2148 imo
1019 2099 1087 2149 non
1108 2100 1190 2150 eon-

104 2198 206 2281 sutit,
234 2199 302 2270 imo
323 2199 462 2293 penitus
490 2221 559 2270 non
585 2200 661 2269 vutt
685 2200 781 2292 quod
815 2200 961 2272 ulterius
996 2223 1086 2273 nunc
1112 2222 1191 2292 pro·

103 2320 236 2390 cedam.
264 2321 319 2391 Ad
346 2341 518 2390 summam
545 2321 650 2391 valde
678 2323 866 2413 perplexus
899 2344 991 2405 sum,
1027 2331 1062 2394 et
1095 2344 1190 2416 saepe

104 2442 348 2511 Terentianum
369 2441 453 2512 ittnd
468 2441 502 2508 in
520 2442 675 2511 animum
698 2440 787 2511 redit
804 2463 863 2510 nec
883 2441 961 2530 quid
986 2466 1085 2534 aqam
1104 2445 1188 2524 acio;

104 2571 311 2653 expectatur
342 2570 459 2631 tamen
480 2560 612 2631 indies
644 2558 776 2630 domini
808 2563 951 2633 nuntius
978 2564 1119 2656 quidam
1145 2561 1190 2633 ab

105 2682 315 2776 Imperatore
333 2691 514 2753 venturus.
537 2682 596 2752 lite
620 2684 707 2753 torto
741 2683 824 2753 novi
850 2684 979 2776 aliquid
1006 2683 1188 2756 nuntiabit.

107 2805 143 2874 ln
164 2806 229 2876 boc
248 2804 357 2876 dubio
377 2806 507 2877 anxius
524 2824 640 2875 essem
661 2805 779 2887 nimis,
795 2805 862 2876 nisi
884 2806 967 2900 quia
981 2808 1015 2876 in
1037 2807 1190 2879 animum

104 2928 227 2999 induxi
248 2927 422 3022 quidquid
438 2928 598 2999 evenerit
618 2925 652 2996 in
674 2925 852 2998 meliorem
874 2941 1008 3021 partem
1022 2931 1188 3022 accipere.

106 3048 397 3122 Recommendate
428 3073 499 3132 me,
522 3071 660 3144 quaeso,
683 3052 825 3122 domino
861 3074 937 3125 meo
969 3062 1004 3123 et
1038 3051 1191 3122 dominae

104 3180 140 3241 et
175 3170 354 3240 Gbiborto
385 3171 601 3243 Ludovicurb
631 3195 715 3245 vero
741 3173 946 3246 benedicite.
983 3173 1189 3244 francisca·

105 3296 175 3362 turn
210 3313 325 3360 meum
360 3296 523 3379 salutate,
566 3296 723 3366 dicentes
763 3296 828 3365 sibi
869 3294 1191 3367 novademeista

103 3436 196 3509 quae
215 3415 316 3485 vobis
342 3416 476 3508 scripsi.
499 3417 534 3487 Si
554 3419 699 3490 ulterius
726 3417 861 3501 vixero,
885 3420 941 3488 vet
968 3438 1031 3510 per
1051 3419 1189 3498 famam,

106 3542 161 3610 vel
186 3560 245 3629 per
267 3559 362 3609 meas
388 3539 691 3612 literasaudietis.
717 3540 980 3611 Recommendo
1007 3537 1107 3609 vobis
1138 3558 1192 3608 ων

105 3665 201 3734 cuias
227 3662 304 3732 ittas
326 3682 422 3732 meas
448 3682 537 3753 quas
558 3661 674 3732 dimisi
696 3661 814 3745 vobis,
844 3661 1045 3731 nominatim
1068 3661 1191 3730 Solita-

105 3786 191 3854 riam
215 3786 337 3856 Vitam.
358 3785 462 3854 Libro
480 3786 503 3854 l.
520 3783 577 3856 ubi
599 3784 713 3874 agitur
734 3784 780 3855 de
799 3784 914 3865 Panto,
937 3782 981 3854 ad
1001 3781 1104 3853 finem
1126 3781 1192 3851 Ca-

106 3906 204 3997 pituli
223 3908 313 3979 ittius
336 3927 521 3999 posueram
540 3907 678 3996 signum
700 3904 883 3975 additurus
900 3902 1040 3995 atiquid.
1055 3903 1187 3974 Mutari

106 4031 303 4112 consitium
338 4030 532 4102 amoveatis
560 4027 698 4119 signum
728 4026 823 4098 iliud.
851 4027 933 4098 Post
966 4027 1061 4110 illud,
1102 4025 1191 4096 tibro
