2670 4688
505 315 659 367 errsrota
682 318 813 371 xxxtut.
935 392 939 401 Ι
1126 305 1181 370 tot

104 474 138 534 et
158 460 207 533 tni
231 458 496 532 sollicitudinem
514 459 608 553 apud
626 470 659 530 te
677 460 897 552 potissimum
917 460 1089 555 deponam
1107 463 1183 535 sine

105 586 172 654 ulla
198 581 438 675 responsionis
465 592 536 654 tuae
565 604 639 675 spe.
674 583 772 656 Hanc
797 570 904 666 enirn,
933 586 1052 670 fateor,
1080 587 1183 679 cupio

105 706 219 797 potius
239 728 342 796 qnam
364 715 547 796 expectem
567 705 656 777 inter
673 716 786 776 tantas
804 717 840 777 et
858 716 927 777 tam
946 707 1062 779 varias
1079 729 1182 781 curas

105 837 194 898 tuas.
230 828 302 898 Hoc
332 825 438 917 igitur
463 826 612 918 primum
641 827 712 897 scio
733 835 767 896 te
787 826 822 896 in
843 826 1014 899 altissima
1041 830 1182 922 specula

103 950 340 1030 constitutum,
360 970 424 1019 nec
447 949 605 1020 italorum
625 959 771 1034 tantum,
787 948 851 1020 sed
868 949 1182 1024 omniumomnino

104 1072 315 1153 mortalium,
353 1092 465 1163 neque
490 1093 611 1142 eorum
639 1070 742 1141 modo
770 1071 831 1162 qui
865 1093 956 1142 nunc
990 1084 1084 1156 sunt,
1118 1072 1179 1145 sed

102 1212 222 1263 eorum
248 1193 351 1263 etiam
373 1193 433 1285 qui
453 1180 615 1263 omnibus
637 1190 776 1264 saeculis
796 1202 995 1277 nascentur,
1022 1197 1180 1290 aspectui

102 1312 299 1408 iudicioque
315 1336 354 1385 ac
368 1314 589 1386 sermonibus
609 1315 807 1406 expositum
824 1342 831 1385 :
850 1337 940 1388 onus
961 1317 1096 1410 ingens,
1117 1323 1180 1394 sed

103 1438 321 1529 praeclarum,
339 1447 375 1507 et
392 1436 673 1531 pulcherrimum,
689 1436 753 1508 sed
774 1438 962 1530 singularis
983 1453 1019 1512 et
1038 1442 1180 1533 gloriosi

102 1559 231 1650 negotii
251 1561 462 1652 suscepisse.
484 1559 669 1650 Nunquam
688 1570 721 1629 tc
739 1580 896 1652 praesens
911 1570 1008 1645 aetas,
1031 1575 1067 1634 nt
1085 1585 1176 1649 reor,

101 1702 279 1774 nunquam
300 1685 486 1776 posteritas
513 1680 637 1752 silebit.
666 1681 838 1753 Caeterum
867 1703 1048 1755 sermones
1068 1685 1178 1758 homi-

101 1825 184 1873 num
206 1826 268 1896 pro
291 1805 564 1896 uniuscuiusque
587 1802 729 1875 libidine
756 1804 836 1875 vani
868 1816 972 1897 atque
997 1807 1179 1881 discordes

103 1935 199 1994 sunt:
221 1926 436 2019 propositum
455 1939 550 1997 tuum
569 1925 652 1996 nibil
672 1928 750 2021 ipso
769 1927 865 2019 quod
887 1927 1059 2000 inhabitas
1078 1931 1179 2024 Capi·

103 2048 173 2120 tolii
205 2071 293 2120 saxo
327 2049 488 2122 mobilius
522 2059 707 2121 ventorum
741 2048 881 2122 llatibus
909 2072 979 2122 non
1012 2063 1177 2135 mutatur.

103 2173 214 2245 Unum
230 2197 313 2246 sane
328 2198 372 2246 an
386 2174 486 2256 scias,
509 2196 553 2245 an
574 2173 717 2264 cogites,
736 2193 782 2243 an
800 2173 940 2265 ignores
961 2177 1102 2261 nescio;
1125 2176 1179 2248 lit-

103 2306 196 2370 teras
230 2308 308 2368 tuas
334 2318 415 2390 quae
441 2297 543 2367 istinc
575 2296 620 2367 ad
649 2318 713 2367 nos
746 2297 892 2368 veniunt
924 2320 992 2369 non
1026 2300 1180 2373 aestimes

102 2421 196 2512 apud
208 2441 269 2489 eos
284 2418 411 2511 quibus
432 2417 650 2488 destinantur
669 2438 890 2508 permanere,
913 2419 976 2490 sed
997 2423 1179 2494 confestim

103 2540 150 2610 ab
168 2540 329 2610 omnibus
346 2550 438 2609 tanta
453 2537 635 2610 sedulitate
654 2536 851 2620 transcribi,
872 2548 1037 2632 tantoque
1064 2541 1179 2617 studio

104 2684 165 2756 per
186 2663 284 2733 aulas
302 2661 503 2733 Pontificum
522 2660 753 2741 circumferri,
772 2660 873 2752 quasi
893 2681 960 2731 non
979 2660 1024 2733 ab
1041 2663 1180 2738 homine

96 2785 211 2855 nostri
246 2784 402 2876 generis,
438 2784 547 2856 seda
574 2782 711 2876 superis
732 2784 788 2853 vel
809 2782 1032 2878 antipodibus
1059 2787 1179 2861 missae

104 2909 190 2988 sint,
217 2907 262 2979 ad
293 2929 440 3001 quarum
468 2907 659 2979 litterarum
682 2917 820 2978 tuarum
843 2905 1075 2998 suspicionem
1104 2910 1181 2980 vul-

103 3052 170 3121 gus
191 3053 293 3101 omne
314 3028 611 3102 circumlunditur.
634 3029 817 3122 Nunquam
839 3029 993 3124 Delphici
1014 3029 1179 3123 Apollinis

103 3155 281 3223 oraculum
303 3152 335 3222 in
357 3164 408 3225 tot
429 3153 621 3226 sententias
643 3161 790 3225 tractum
816 3151 892 3235 luit,
917 3151 1057 3245 inquot
1080 3152 1180 3227 intel·-

103 3276 213 3345 lectus
254 3272 363 3343 verba
400 3274 585 3344 trahuntur
629 3285 697 3344 tua.
739 3273 1045 3364 Circumspectum·
1076 3271 1181 3363 igitur

103 3405 218 3467 actum
249 3395 365 3478 laudo,
394 3395 488 3488 quod
520 3408 590 3468 tam
623 3394 975 3489 irreprehensibiliter
1011 3391 1181 3468 haetenus

102 3521 219 3590 stilum
250 3527 346 3588 tuum
380 3531 573 3612 temperare
603 3518 790 3591 studuisti:
817 3527 925 3610 utque
946 3518 980 3588 in
1002 3526 1178 3611 posterum

103 3642 214 3735 magis
237 3641 418 3733 magisque
440 3641 594 3724 studeas
617 3641 736 3713 hortor
757 3663 797 3712 ac
816 3639 995 3732 deprecor.
1015 3641 1071 3710 Sic
1086 3637 1179 3711 enim

103 3766 135 3834 in
171 3764 288 3836 verbis
316 3763 385 3835 tuis
417 3773 452 3834 et
483 3764 758 3856 magnanimitas>
784 3761 982 3847 scribentis,
1005 3771 1040 3835 et
1061 3761 1179 3857 Populi

103 3890 247 3960 Romani
268 3887 433 3960 maiestas
455 3886 638 3971 elucescit,
663 3895 700 3957 ut
720 3908 785 3957 nec
812 3884 1008 3958 reverentia
1034 3885 1179 3961 Romani

101 4010 289 4096 Pontificis,
312 4033 376 4083 nec
396 4011 506 4083 honor
522 4008 663 4082 debitus
684 4008 902 4082 obscuretur.
923 4008 994 4081 Hoc
1014 4010 1181 4101 eloquen-

104 4132 197 4218 tiam,
225 4135 290 4206 hoc
315 4133 519 4227 sapientiam
553 4146 647 4206 tuam
673 4133 774 4207 decet
806 4154 912 4228 posse
944 4134 996 4207 sio
1027 4154 1069 4206 ea
1098 4151 1179 4226 qnae

227 4262 264 4306 tn.
992 4253 1024 4304 20
