2670 4688
461 116 613 165 nmsronn
635 117 731 164 xxxii.
1066 101 1124 163 389

10 269 111 329 On
142 271 255 333 minen
276 269 421 332 eatenus
442 271 481 331 ut
500 259 585 330 fletu
605 261 689 344 solo,
712 258 776 330 sed
795 268 833 331 ut
849 259 965 350 gladio
985 258 1124 354 proprio

10 385 248 467 anfossus,
271 384 362 454 saltu
383 383 487 454 etiam
507 403 664 477 praeceps
687 383 721 452 in
741 381 875 454 medios
900 382 1043 468 linctus,
1065 406 1124 476 ge-

10 499 145 577 Qina
165 509 262 577 velut
281 515 399 592 morte,
420 504 680 599 procumberet:
701 505 795 596 qnod
815 525 927 597 genus
945 506 1080 589 mortis,
1103 528 1124 578 ο

10 613 36 653 ’
50 633 169 714 aule,
194 631 321 701 utinam
348 650 448 700 esses
469 629 634 698 imitatus.
656 626 711 697 Sic
734 627 842 712 enim,
864 627 930 698 nisi
951 629 1063 709 fallor,
1090 640 1125 701 et

10 753 211 834 ³arcius,
242 760 279 820 et
311 753 464 844 prolecto
491 749 626 821 virilius
658 750 855 822 doluisses:
886 752 1003 822 nullus
1032 753 1123 823 enim

10 875 161 943 maior
177 873 275 944 dolor
294 896 398 966 quam
415 874 476 966 qui
497 897 565 946 non
583 883 665 965 eget
681 873 825 961 auxilio,
843 895 905 945 nec
922 873 1125 967 circumspi-

10 988 96 1062 ein
117 997 359 1078 iustrumenta,
383 996 443 1068 sed
470 997 514 1068 ad
536 997 746 1068 inferendam
769 1008 914 1068 mortem
937 998 1031 1068 solus
1053 1000 1124 1068 sul-

17 1106 132 1189 ficit.
155 1119 208 1190 Ad
235 1119 309 1190 haec
335 1132 370 1191 et
395 1120 574 1191 honestius
600 1119 677 1189 viro
701 1130 768 1199 est,
795 1117 998 1191 vulneribus
1019 1141 1123 1212 quam

24 1232 200 1313 lacrimis
231 1243 327 1313 mori.
358 1243 456 1313 Hunc
492 1242 645 1313 dolorem
683 1252 719 1313 et
745 1241 809 1312 has
847 1242 1005 1313 lacrimas
1041 1263 1124 1314 con-

30 1366 257 1460 sumptrices
278 1365 371 1458 apud
392 1366 578 1448 Lucanum,
604 1376 640 1435 ut
665 1385 803 1435 rursum
826 1362 871 1435 ad
892 1366 1005 1436 luctus
1026 1365 1123 1437 lemi-

34 1506 132 1562 neus
155 1499 389 1572 revertamur,
411 1488 618 1584 Pompeiana
641 1507 732 1558 uxor
751 1487 892 1581 optabat
913 1487 970 1559 nbi
992 1489 1055 1560 ait:

210 1733 310 1812 Turpe
326 1732 406 1794 muri
424 1738 489 1812 pust
507 1739 534 1793 te
552 1733 615 1794 solo
634 1748 691 1793 non
710 1748 797 1811 posse
813 1733 927 1795 unlore.

44 1973 125 2068 lpsa
151 1983 264 2046 tamen
292 1974 366 2046 lraec
393 1973 512 2045 dicens
546 1975 649 2056 vixit,
684 1976 775 2063 sicut
807 1974 944 2046 Hecuba
967 1976 1062 2046 vixit
1087 1989 1121 2047 et

46 2097 290 2168 Andromache
311 2107 389 2190 post
405 2097 564 2187 coniugis
584 2108 620 2167 et
639 2110 798 2171 naturum
818 2108 956 2169 mortes.
975 2099 1118 2169 Multum

45 2217 134 2289 filios
157 2220 274 2288 mnltae
295 2217 468 2287 llevernnt
492 2228 639 2315 mairac,
662 2220 726 2290 sed
747 2223 824 2311 plus
849 2220 1009 2290 omnibus
1030 2222 1120 2291 lllar-

45 2340 166 2408 cellum
190 2350 300 2409 mater
326 2338 485 2419 Octavia,
514 2337 663 2429 Augusti
685 2361 898 2432 soror,quue
933 2342 1009 2411 talis
1045 2354 1119 2413 tan-

45 2471 159 2554 taeque
180 2460 255 2554 spei
278 2458 348 2529 filiu
374 2459 519 2542 amisso,
552 2462 690 2552 qualem
722 2464 852 2533 nullum
887 2464 1005 2535 Romus
1036 2487 1120 2558 pue-

44 2608 120 2657 rum
142 2587 251 2656 luisse
272 2583 439 2675 Virgilius
473 2592 615 2654 aelernae
649 2585 824 2655 memoriae
857 2585 1023 2657 mundare
1049 2610 1118 2660 uon

44 2708 169 2792 timuit,
193 2710 286 2778 omni
309 2709 431 2779 solatio
465 2707 613 2789 reiectn,
639 2706 674 2778 in
699 2706 849 2778 tenebris
875 2711 1118 2804 perpetuisque

43 2827 230 2920 gemitibus
257 2852 375 2901 aevum
408 2829 500 2922 egit:
534 2829 759 2922 pertinaciter
785 2830 905 2901 infelix
932 2833 1053 2903 omnis·
1072 2833 1119 2902 illi

42 2953 156 3022 laetior
177 2953 336 3036 habitus,
359 2974 460 3024 omne
481 2953 594 3022 minus
623 2952 717 3022 triste
751 2952 896 3024 verbum
924 2954 1118 3027 irritamen-

22 3082 115 3143 tum
133 3073 274 3160 doluris,
293 3077 406 3147 omnis
428 3074 476 3145 illi
497 3077 693 3146 consolator
714 3073 824 3146 hostis
847 3077 917 3146 luit.
940 3078 1117 3149 Postremo

43 3197 89 3268 ita
111 3216 245 3289 semper
271 3199 373 3282 vixit,
408 3208 446 3267 ut
476 3198 523 3268 ait
548 3199 691 3280 Seneca,
716 3199 794 3268 talis
818 3218 1039 3291 peromnem
1065 3200 1118 3269 vi·

45 3329 136 3401 tam,
160 3318 272 3411 qualis
305 3319 340 3390 in
373 3321 502 3390 iuuere.
524 3319 793 3397 Multumllevit
818 3319 911 3411 apud
938 3321 1116 3412 Virgilium

42 3452 154 3513 mater
187 3441 344 3537 Euryali,
384 3443 529 3512 multum
567 3442 659 3534 apud
697 3442 843 3513 Statium
874 3443 994 3512 nutrix
1021 3444 1118 3515 ssevit
1161 3493 1170 3513 .

42 3564 249 3636 Achemuri:
284 3566 351 3634 illue
380 3544 494 3635 tamen
530 3562 609 3634 filiis
642 3567 765 3635 vixere
795 3567 1014 3656 superstites,
1042 3566 1117 3638 haec

43 3688 190 3759 alumno.
213 3687 268 3759 Sic
291 3688 409 3758 lletum
429 3688 578 3779 legimns
595 3687 787 3778 Antigones
808 3696 843 3757 et
863 3687 1002 3780 Argiae:
1024 3709 1115 3760 rnor-

44 3818 112 3879 tem
133 3833 199 3883 nnn
228 3812 395 3904 legimus:
427 3809 552 3882 mirum
588 3809 800 3903 superfuisse
827 3811 1029 3884 iuvenculas
1053 3814 1114 3885 do-

45 3929 117 4015 lori,
137 3934 190 4004 cui
213 3934 267 4004 vir
285 3936 382 4008 fortis
401 3954 585 4026 superesse
604 3935 808 4026 neqniverit.
828 3933 938 4007 Flevit
952 3937 1113 4011 Euadnes
