2670 4688
327 296 419 345 nreen
441 295 665 343 rrcrrsruusf-
678 294 831 343 uersrcnn
852 295 916 342 nur.
1122 281 1161 340 tt

80 446 194 504 actum
214 432 297 503 vitae
318 444 457 524 tempus
479 429 687 510 adduxeris,
710 427 847 499 videbis
869 451 939 502 uno
966 429 1072 502 verbo
1097 433 1160 502 triu

80 576 207 644 magna
233 554 415 625 mendacia
448 556 582 625 nultum
613 554 764 623 colorem
797 552 954 622 veritatis
986 552 1160 624 habentia.

80 676 216 759 Quibus
233 678 501 760 animadversis,
521 678 597 769 ipsa
613 677 746 745 veritas
761 696 822 766 pro
835 676 1032 746 innocentia
1044 687 1162 770 partes

81 811 175 890 aget,
207 800 298 891 ipsa,
333 823 389 870 me
418 800 534 881 tacito,
570 811 629 870 tua
660 799 872 869 conscicntia
905 799 1093 889 perorabit,
1128 813 1164 870 et

82 924 215 994 amicus
235 923 329 1015 apud
348 926 500 994 amicum
525 932 711 992 accusatus
737 918 893 990 absentis
920 921 1021 991 amici
1048 932 1163 1013 patro

82 1046 170 1115 cinio
195 1068 264 1117 non
290 1046 417 1137 egebit.
445 1044 557 1116 Crede
579 1044 678 1128 mihi,
702 1043 799 1125 Laeii,
819 1043 889 1113 imo
913 1043 1076 1135 equidem
1102 1044 1163 1114 tibi

82 1169 186 1239 crede
203 1169 263 1260 qui
280 1170 415 1240 animos
429 1189 615 1259 moresque
632 1167 788 1237 omnium
806 1177 963 1236 nostrum
977 1187 1047 1236 non
1064 1167 1164 1236 aliter

83 1312 190 1382 quam
211 1290 370 1384 proprios
393 1301 472 1361 tuos
494 1289 598 1370 nosti,
618 1301 654 1360 et
670 1289 830 1359 fortassis
847 1308 891 1359 eo
908 1289 1075 1382 amplius,
1093 1310 1164 1380 quo

84 1413 289 1504 profundius
321 1426 356 1484 et
382 1414 616 1505 incorruptius
642 1413 754 1483 aliena
779 1412 1026 1502 cognoscimus
1058 1433 1162 1503 quam

83 1545 218 1607 nostra:
242 1534 303 1607 tibi
323 1535 427 1606 crede
449 1557 517 1606 non
537 1535 617 1605 atii:
639 1535 779 1606 veritati
804 1534 909 1606 crede
934 1545 1049 1606 tecum
1071 1534 1164 1603 intus

84 1658 119 1728 in
139 1658 254 1729 animo
273 1659 496 1750 colloquenti,
519 1677 590 1728 non
611 1658 646 1726 in
672 1656 818 1728 auribus
843 1656 1060 1749 obstrepenti
1086 1678 1165 1748 per·

83 1777 176 1851 fidiae
192 1781 388 1852 delatorum
403 1807 410 1850 :
428 1781 541 1864 crede,
561 1781 718 1872 inquam,
732 1790 768 1850 et
784 1788 821 1850 ut
839 1798 943 1871 spero
957 1779 1025 1849 iam
1039 1779 1163 1859 credis,

83 1902 178 1992 quod
199 1925 264 1973 nec
289 1906 450 1975 Socrates
475 1903 520 1972 de
545 1922 721 1994 quoquam
749 1876 839 1970 maie
865 1899 1047 1982 scriberet,
1074 1914 1110 1970 et
1135 1902 1164 1970 si
1231 1960 1246 1976 ,
1308 1953 1313 1967 .

84 2023 129 2094 de
142 2025 313 2109 omnibus,
330 2047 509 2118 nunquam
522 2025 567 2096 de
579 2037 629 2108 tc,
648 2036 685 2096 et
706 2024 735 2094 si
753 2023 799 2094 de
814 2035 856 2106 te,
875 2023 967 2106 aliis,
988 2044 1165 2114 nunquam

87 2148 180 2217 mibi.
201 2149 339 2232 Quaeris
352 2153 520 2220 causam?
537 2149 608 2220 Scit
620 2147 716 2240 quod
729 2168 797 2238 ego
814 2167 882 2217 non
899 2145 1089 2229 crederem,
1106 2166 1167 2238 po-

85 2273 225 2365 tiusque
246 2272 312 2344 sibi
332 2272 517 2354 irascerer,
540 2293 644 2362 quam
667 2271 738 2341 tibi.
754 2271 844 2342 Vere
865 2272 932 2341 hoc
948 2270 1077 2341 dicam:
1096 2269 1167 2340 duo

85 2395 173 2465 estis
192 2393 323 2483 quibus
335 2394 452 2462 omnia
464 2392 654 2473 crederem,
676 2392 745 2462 nisi
764 2391 830 2462 hoc
849 2414 971 2474 unum,
987 2391 1017 2461 si
1036 2393 1168 2462 scilicet

86 2518 174 2583 alter
195 2514 342 2580 atterum
361 2523 556 2591 accusaret,
572 2512 818 2602 praecipueque
831 2514 876 2583 de
891 2511 1034 2582 crimine
1047 2525 1166 2583 contra
1223 2594 1225 2598 ¹

88 2652 146 2702 me
166 2640 226 2702 aut
245 2631 372 2701 samam
394 2640 454 2701 aut
473 2641 602 2701 statum
624 2652 741 2701 meum
768 2632 933 2702 admisso.
959 2634 1061 2716 Quod
1088 2655 1167 2724 pro-

89 2755 238 2848 positum
258 2752 320 2837 illi,
343 2754 402 2846 qui
425 2775 502 2825 mea
527 2755 642 2825 omnia
660 2755 763 2847 piane
781 2756 886 2838 novit,
911 2757 1066 2847 ignotum
1087 2776 1168 2827 esse

87 2897 155 2949 non
172 2888 317 2973 poterat.
337 2878 412 2960 Qua
433 2877 540 2969 igitur
555 2878 715 2949 coecitate
735 2878 841 2948 animi
860 2879 915 2948 vir
935 2889 1076 2959 cautus,
1099 2882 1165 2950 etsi

86 3000 217 3071 odisset
232 3002 351 3093 utique
369 3000 482 3094 (cuius
503 3003 618 3073 audeo
638 3001 754 3073 dicere
775 3022 840 3074 nec
862 3003 923 3073 tibi
946 3026 1010 3074 nee
1035 3005 1091 3074 aiii
1109 3006 1177 3090 vel,
1283 2983 1288 2993 ¹

87 3124 293 3195 tenuissima
318 3123 467 3218 suspicio
491 3146 642 3218 unquam
669 3126 755 3220 fuit),
784 3125 931 3197 auderet
951 3126 996 3198 ad
1019 3126 1168 3196 tribunat

88 3244 249 3315 infestum
272 3246 409 3317 trahere
427 3249 630 3343 conspicue
650 3251 751 3320 samec
772 3273 888 3334 reum,
910 3271 1014 3343 quem
1037 3247 1167 3317 veritas

87 3377 293 3452 excusaret,
321 3369 429 3440 iudex
450 3394 515 3441 nec
535 3374 766 3442 instrumenta
787 3394 851 3442 nec
875 3381 982 3442 testes
1002 3377 1169 3460 expecta-

89 3501 190 3561 turus
218 3489 432 3576 absotveret,
462 3494 553 3565 unde
580 3492 644 3563 sibi
672 3495 719 3563 nii
747 3493 887 3584 penitus
914 3499 1043 3584 praeter
1067 3512 1169 3559 aceu-

90 3615 217 3686 satoris
237 3637 365 3684 nomen
387 3626 491 3706 'atque
513 3616 678 3687 invidiam
703 3617 924 3707 superesset?
941 3613 1100 3694 Possunt,
1124 3614 1167 3681 mi

88 3738 189 3821 Laeli,
212 3748 361 3830 possunt
381 3737 449 3806 dici
469 3736 547 3806 ista.
569 3737 632 3805 Est
646 3738 738 3806 enirn
752 3738 893 3805 effraene
906 3756 946 3804 os
966 3735 1166 3816 humanum,

89 3883 168 3931 cum
190 3862 322 3931 nulium
341 3880 443 3951 cernue
460 3859 588 3928 animal
606 3862 715 3929 fraeno
735 3869 846 3948 egeat.
868 3858 938 3928 ttici
956 3860 1072 3929 omnia
1090 3880 1171 3951 pos-

91 3997 193 4055 sunt:
211 3984 307 4055 credi
327 3981 444 4055 omnia
463 4003 530 4052 non
550 3981 689 4063 debent,
712 3980 824 4051 dicam
847 3980 941 4073 quod
964 3983 1083 4065 sentin,
1107 4002 1170 4050 nec

90 4106 211 4176 erudiri.
240 4107 308 4178 Viri
341 4108 451 4191 enrici,
488 4107 521 4175 in
556 4104 683 4197 quibus
715 4105 947 4178 clarissimum
970 4127 1108 4200 semper
1136 4115 1169 4175 ct
