2670 4688
453 533 630 597 EPISTOLA
652 533 744 597 Llllll.

142 697 319 749 elusanus
339 696 519 745 vicecomes
540 696 666 744 canuno
686 692 846 744 usnemun
868 691 1060 743 eannrnnnu.

119 839 159 893 De
173 838 271 892 endem
285 854 326 905 re,
341 854 403 908 quae
418 837 516 891 litterae
531 834 669 905 superiori
682 850 711 888 n.
724 834 761 888 VI
773 833 868 887 relatae
878 837 1075 902 argumentum

525 923 677 978 constituit.

162 1173 267 1262 Urget
287 1172 365 1241 hinc
387 1171 541 1240 animum
563 1168 676 1249 dolor,
693 1166 918 1238 serenissime
935 1165 1140 1258 principum,

61 1288 1139 1385 etinlamentapraecipitat;hincsileutiumiubetetattonitum

61 1418 140 1485 lacit
153 1426 282 1507 stupor,
297 1413 381 1484 dum
395 1412 521 1483 durum
537 1413 700 1482 Fortunae
715 1411 834 1500 iugum
849 1412 976 1500 cogito,
987 1392 1044 1479 c'ui
1057 1431 1140 1479 eon·
1196 1399 1198 1402 Α

60 1538 143 1608 ditio
163 1548 218 1607 est
236 1537 390 1607 subiecta
412 1535 620 1605 mortalium.
647 1532 737 1615 Quid
765 1532 893 1602 homini
915 1535 1047 1603 tutum?
1073 1531 1142 1602 Aut

58 1659 137 1750 quis
163 1658 303 1729 omnino
324 1658 487 1726 Fortunae
507 1653 653 1746 imperio
681 1654 725 1723 sit
753 1663 956 1746 euernptuS,
978 1653 1142 1745 qnoniam

59 1800 219 1850 summus
241 1778 418 1848 hominum
442 1776 699 1847 illustrissimus
719 1790 816 1871 pater
831 1789 949 1847 vester
969 1799 1010 1847 ac
1030 1779 1143 1849 domi-

57 1922 124 1971 nns
155 1922 254 1971 meus
278 1922 353 1982 rex,
390 1923 436 1970 ex
470 1899 640 1969 altissimo
663 1900 841 1969 suliulam
871 1910 1024 1993 repente,
1056 1910 1143 1970 rotee

57 2024 220 2095 volubilis
241 2023 399 2095 deiectus
421 2024 587 2116 impulsu,
623 2023 716 2113 qnod
748 2023 822 2093 sine
850 2024 999 2093 lacrimis
1022 2022 1143 2093 memi-

57 2147 152 2216 nisse
174 2168 241 2217 non
263 2167 420 2240 possum,
441 2146 475 2215 in
498 2167 624 2216 manus
639 2144 791 2216 hostium
814 2144 942 2215 dicitur
961 2144 1141 2237 pervenis-

27 2245 28 2249 *
58 2273 115 2338 se‘?
135 2270 179 2339 Et
195 2268 290 2361 quod
311 2291 379 2339 non
395 2289 503 2359 parva
523 2266 653 2338 doloris
676 2269 831 2337 accessio
848 2277 918 2350 est,
939 2288 1056 2339 seeum
1072 2288 1141 2339 nnn

59 2390 171 2460 minor
192 2389 285 2459 filins
303 2389 567 2460 amantissimus
585 2391 691 2458 irater
712 2372 846 2471 uester,
867 2400 904 2460 ut
925 2389 1141 2480 irrecupera-

56 2509 144 2578 biles
166 2508 286 2578 sileam
306 2509 469 2591 iacturas,
490 2517 627 2598 strages
650 2531 831 2602 procerum
854 2531 943 2601 quos
962 2508 1064 2601 quasi
1090 2517 1140 2578 to·

58 2630 163 2700 tidem
185 2629 282 2720 regni
304 2629 435 2700 lumina
457 2651 525 2699 nna
547 2629 673 2715 tristis,
696 2651 855 2725 praeceps
879 2640 915 2702 et
936 2631 1140 2703 calamitosa

57 2752 134 2823 dies
148 2752 264 2823 obruit
278 2762 312 2821 et
325 2752 493 2823 extinxit:
514 2765 646 2836 moesta,
664 2754 813 2846 inquam,
829 2763 864 2824 et
877 2753 1001 2825 flebilis
1021 2766 1057 2826 et
1078 2734 1140 2825 ob-

60 2875 195 2946 seurior
212 2874 367 2966 qualibet
380 2886 479 2946 noete
497 2874 587 2946 dies:
602 2897 683 2967 quae
700 2876 827 2946 utinam
848 2886 980 2968 pereat,
996 2887 1034 2947 ut
1047 2876 1140 2946 illins

57 2996 168 3067 sancti
205 2997 300 3067 senis
336 3009 412 3070 utar
439 2997 560 3081 verbo,
588 3008 623 3068 et
649 3001 860 3068 canturio
887 2999 1140 3081 tenebrosum

55 3120 202 3206 repuirnt
227 3141 299 3188 earn
324 3119 412 3188 Deras
437 3117 592 3212 desuper,
620 3133 651 3190 et
676 3143 743 3189 non
768 3121 909 3189 illustret
941 3142 1012 3190 enm
1044 3121 1141 3186 liuni-

55 3262 114 3309 ne:
146 3241 316 3309 obscurent
348 3262 419 3309 cnm
451 3243 591 3311 teneliroe
622 3254 652 3311 et
682 3245 808 3313 umbre
841 3245 974 3314 mortis:
1008 3249 1141 3331 occrrpct

55 3362 266 3451 eminentiae,
293 3373 324 3429 et
348 3362 541 3431 incoluntur
567 3361 808 3435 amaritudine:
835 3386 902 3433 non
936 3372 1141 3454 computetur

54 3484 90 3552 in
122 3481 233 3552 diebus
262 3485 353 3566 anui,
386 3505 445 3554 nec
474 3497 729 3555 connumeretur
765 3488 802 3555 iu
840 3487 1016 3586 mensibus.
1049 3485 1139 3555 Vere

55 3610 148 3679 enim
169 3592 360 3698 caliginosa
381 3607 460 3678 dies
483 3618 519 3678 et
549 3609 669 3679 infelix
689 3618 725 3680 et
749 3607 795 3679 de
828 3630 974 3679 numero
1009 3618 1140 3700 tempo-

57 3752 131 3801 rum
151 3729 369 3814 abradenda,
388 3751 469 3821 quae
490 3730 722 3802 clarissimum
741 3732 840 3823 regni
867 3734 974 3803 solem
997 3754 1036 3802 ac
1058 3734 1141 3802 stel-

55 3854 105 3920 las
126 3864 194 3923 tam
215 3856 312 3924 lusca
337 3852 428 3924 nube
446 3853 689 3938 circumdedit,
712 3866 750 3924 et
767 3877 871 3946 quam
899 3856 986 3925 tanti
1007 3855 1138 3925 doloris

54 3995 203 4064 vespera
217 3986 461 4069 tantorumque
471 3977 616 4049 fletuum
635 3998 708 4048 von
727 3984 918 4049 consecuta
939 3966 1004 4048 est.
1029 3978 1139 4050 Huius

54 4105 208 4183 egotam
233 4099 362 4172 insoliti
384 4111 417 4170 et
440 4110 510 4171 tam
533 4101 649 4192 magni
672 4102 832 4174 moeroris
855 4102 1026 4195 particeps
1048 4123 1137 4185 snm,
