2670 4688
215 210 236 249 δ

270 293 362 342 nunna
384 294 913 344 vrcnsruusrnnrrus.-unrsrcnl
935 295 962 341 v.
1100 278 1155 342 201

79 448 193 532 captat
212 438 369 550 ignavia,
391 455 473 530 quae
499 437 642 508 vivendi
669 435 773 508 avida
798 437 935 506 vixisse
955 437 1159 508 contemnit:

78 564 293 653 ingratorum
314 582 426 645 more,
451 562 514 653 qui
539 560 633 654 quod
655 562 848 652 importune
870 556 1041 639 ambiunt,
1065 556 1162 629 lasti-

78 683 177 755 diunt
193 683 380 754 consecuti.
400 682 456 753 Sic
477 693 547 753 est:
575 681 755 773 longitudo
781 680 866 750 vitae
891 680 1159 772 concupiscitur,

77 815 145 886 etsi
163 813 248 884 nibil
270 816 305 885 in
325 813 391 884 bac
408 811 580 884 brevitate
599 815 742 903 longum
769 812 824 880 sit.
846 811 932 880 Esto
952 820 1084 879 autem:
1110 817 1163 880 ut-

77 955 229 1027 cumque
243 933 427 1023 contigerit
439 942 603 1027 exoptata
615 933 802 1016 vivacitas,
816 941 999 1023 postquam
1011 940 1163 1024 punctus

79 1058 137 1127 ille
152 1055 367 1126 novissimus
386 1053 528 1146 ingruit,
542 1064 578 1125 et
596 1056 752 1125 solutura
768 1056 967 1144 longaevum
985 1053 1163 1123 vinculum

79 1196 207 1247 manus
227 1175 363 1259 mortis,
386 1196 506 1267 quaero
527 1174 614 1268 quid
640 1174 744 1246 babet
769 1175 920 1267 amplius
944 1176 1005 1266 qui
1026 1185 1164 1246 centum

80 1297 172 1368 vixit
196 1318 320 1381 annos,
343 1320 448 1390 quam
473 1300 534 1390 qui
560 1297 605 1369 ab
630 1297 738 1368 ubere
769 1297 814 1368 ad
841 1300 1040 1389 sepulcrum
1074 1296 1165 1388 rapi·
1233 1374 1240 1381 ,

81 1429 152 1491 tur:
167 1420 448 1513 quandoquidem
462 1431 498 1491 et
512 1421 649 1512 utrique
664 1421 742 1490 finis
755 1421 865 1503 adest,
880 1433 1018 1513 tempus
1033 1430 1166 1491 utrum-

81 1565 150 1636 que
170 1544 358 1638 praeteriit?
376 1544 588 1615 Audivimus
611 1563 706 1635 saepe
726 1545 913 1614 morientes
929 1564 1032 1613 senes
1049 1543 1166 1614 dicere

80 1664 191 1737 videri
213 1665 278 1736 sibi
299 1667 362 1736 vix
384 1688 491 1736 unum
519 1664 613 1735 diem
639 1664 812 1755 integrum
840 1665 989 1737 vixisse:
1012 1669 1166 1758 prolecto

81 1791 171 1861 inter
187 1789 435 1860 brevissimum
446 1787 641 1877 ¹hibernum
658 1787 769 1871 diem,
784 1810 826 1859 ac
840 1789 1081 1878 longissimum
1098 1789 1168 1858 Ne-

83 1921 210 1981 storeae
227 1909 312 1980 vitae
332 1919 470 2004 tempus
488 1920 600 1981 tractu
623 1909 767 2001 aliquid,
790 1911 888 1980 exitu
910 1908 994 1977 nihil
1016 1907 1164 1991 intersit,

84 2033 144 2104 ubi
164 2033 208 2104 ad
232 2042 362 2104 metam
390 2045 425 2104 et
446 2034 644 2125 utriusque,
669 2042 706 2101 ut
726 2033 776 2102 sic
802 2030 931 2111 dicam,
966 2029 1011 2100 ad
1043 2049 1166 2122 vespe-

84 2179 157 2228 ram
178 2166 323 2226 ventum
343 2165 408 2226 est.
430 2154 537 2246 Atqui
557 2155 605 2225 ita
625 2175 706 2224 esse
723 2165 761 2224 ut
778 2153 864 2237 dixi,
884 2154 1035 2245 riteque
1053 2174 1164 2245 spem,

83 2301 186 2372 quam
209 2299 282 2348 rem
306 2278 416 2370 ipsam
437 2276 548 2372 pluris
574 2276 662 2357 fieri,
686 2276 783 2346 facile
802 2277 847 2348 de
868 2279 1052 2347 stultorum
1074 2275 1167 2347 votis

83 2401 313 2489 lamentisque
330 2399 514 2490 colligitur.
529 2399 837 2493 Sapientiumvero
854 2421 917 2470 nec
931 2399 1069 2469 iniustae
1082 2420 1168 2490 que-

86 2521 245 2589 rimoniae
271 2541 336 2587 nec
361 2520 478 2589 inania
507 2530 588 2590 vota
618 2532 713 2605 sunt,
743 2533 779 2590 ut
806 2520 934 2612 quibus
962 2541 1167 2612 persuasum

87 2643 133 2712 sit
153 2643 285 2711 felicem
308 2639 382 2711 fieri
403 2663 471 2711 non
492 2643 575 2712 vitae
597 2643 709 2737 spatio
730 2644 793 2713 sed
816 2644 952 2725 merito,
971 2663 1040 2711 non
1061 2645 1169 2712 sortu-

86 2787 143 2836 nae
163 2763 330 2859 praesidio
344 2764 406 2835 sed
426 2765 573 2836 virtutis.
589 2767 675 2848 Quae
693 2789 771 2838 cum
787 2766 833 2838 ita
852 2768 921 2837 sint
937 2767 981 2838 ad
996 2787 1169 2838 summam

87 2887 138 2957 sic
160 2886 300 2966 habeto,
322 2885 368 2957 nil
392 2908 447 2957 me
468 2888 581 2958 laetius
603 2889 803 2959 auditurum
824 2911 929 2982 quam
951 2890 1042 2961 bunc
1067 2895 1169 2962 talem

87 3009 192 3077 animi
205 3008 253 3078 tui
270 3019 409 3079 statum.
425 3007 515 3091 Quid
533 3011 671 3080 enimsi
688 3010 814 3105 opibus
832 3013 1011 3085 immensis
1029 3025 1169 3085 auctum

87 3150 132 3198 an
153 3127 338 3200 obsessum
358 3141 394 3201 et
414 3153 621 3224 oppressum
639 3132 777 3203 dicam?
794 3135 885 3218 Quid
907 3136 936 3205 si
958 3140 1082 3205 lactum
1105 3135 1171 3202 lta-

89 3249 146 3318 liae
164 3250 294 3340 Regem
317 3253 466 3322 scirem?
486 3254 597 3336 Quam
612 3252 720 3324 breve
743 3256 925 3346 gaudium,
946 3277 1050 3346 quam
1064 3255 1171 3325 cadu-

88 3376 193 3442 cum?
214 3373 342 3462 Regna,
361 3393 462 3468 opeS,
485 3387 521 3446 et
540 3376 711 3468 quidquid
725 3379 865 3448 omnino
880 3380 1014 3447 fortuna
1036 3375 1169 3458 tribuit,

93 3497 192 3566 novit
212 3497 358 3587 eripere.
380 3497 696 3588 Fingaturlortuna
715 3498 897 3578 liberalior,
917 3495 1082 3589 quodque
1096 3517 1174 3586 per-

90 3640 208 3689 rarum
230 3629 293 3700 est,
310 3639 422 3710 usque
443 3618 488 3690 ad
501 3607 634 3689 exitum
653 3620 777 3690 amica:
802 3620 928 3712 ligatur
946 3630 1021 3688 rota
1040 3617 1095 3687 illa
1110 3638 1173 3688 vo-

89 3739 216 3811 lubilis.
240 3741 440 3832 Cuiuspiam
462 3740 607 3811 inauditi
628 3741 757 3809 laveris
778 3741 949 3822 obicibus,
972 3749 1083 3811 morte
1104 3743 1174 3811 sal-

92 3870 176 3947 tem,
199 3865 300 3934 cuius
321 3866 415 3932 nulla
437 3864 513 3931 talis
529 3861 720 3930 liberalitas
738 3860 820 3950 fingi
840 3871 966 3951 potest,
987 3862 1172 3953 linquenda

90 3984 248 4074 imperia,
270 3985 488 4076 deponendae
505 3980 653 4061 divitiae,
675 3991 711 4050 et
736 3979 839 4050 nudis
862 3980 951 4052 unde
971 3985 1053 4054 nudi
1075 3986 1174 4055 veni-

91 4126 170 4178 mus
191 4106 420 4179 rcdeundum.
444 4103 482 4172 ln
501 4103 593 4174 hunc
610 4122 695 4173 vero
709 4111 806 4173 tuum
821 4102 970 4175 animum
988 4105 1071 4175 nihil
1086 4107 1172 4177 iuris
