2670 4688
123 265 182 324 ⁹278
462 273 504 320 nu
525 272 625 320 nunus
645 266 866 317 rsurursnmus

126 420 264 510 genium
282 428 377 490 tuum
392 418 484 487 novi.
499 414 733 487 Oratoriarum
747 410 1003 482 institutionum
1019 409 1110 480 iiber
1122 410 1205 480 heu!

125 541 322 634 discerptus
342 549 377 608 et
396 539 489 609 lacer
509 535 605 607 venit
624 532 669 605 ad
688 552 814 604 manus
833 551 940 603 meas.
960 530 1104 620 Agnovi
1125 540 1207 602 aetu-

126 677 193 734 tem
215 661 439 732 vastatricem
465 658 618 728 omnium
644 665 680 727 et
695 654 770 725 dixi
788 675 943 725 mecum:
964 652 1072 723 Facis
1093 663 1135 724 nt
1154 674 1206 723 so

124 784 183 856 tita
196 805 250 856 es:
264 785 311 854 nil
324 783 414 854 hona
428 779 497 852 fide
518 778 686 860 custodis,
701 777 769 847 nisi
785 774 880 868 quod
898 775 1053 868 perdere
1073 777 1204 847 tucrum

124 918 209 978 erat.
224 905 321 975 AEtas
336 903 454 992 segnis
466 913 502 971 et
515 901 669 970 insolens
683 899 770 968 tales
784 896 867 967 mihi
883 894 1034 966 remittis
1050 895 1204 985 insignes

124 1028 219 1096 viros
240 1046 319 1095 cum
338 1020 585 1113 ignavissimos
607 1020 710 1090 enias.
729 1016 796 1088 Oh!
820 1014 947 1115 sterilis
961 1023 1000 1085 et
1012 1014 1111 1087 ioeda
1128 1036 1205 1109 pars

125 1157 331 1237 temporum,
348 1151 396 1213 tot
404 1141 507 1212 rebus
519 1138 716 1211 ediscendis
729 1158 770 1208 ac
783 1135 979 1209 scribendis
994 1135 1119 1209 dedita
1129 1157 1204 1229 que

125 1269 249 1339 melius
263 1264 488 1346 nescirentur,
497 1283 586 1353 opus
599 1262 666 1334 hoc
677 1261 1204 1352 habereintegrnmneglexisti.³

125 1391 296 1463 Caeterum
318 1384 374 1454 hic
394 1383 477 1453 mihi
497 1383 542 1454 de
564 1393 597 1453 te
617 1404 738 1455 veram
755 1381 841 1454 liber
860 1381 1064 1474 opinionem
1087 1381 1203 1455 attulit.

124 1513 189 1580 Diu
216 1510 284 1580 tuis
311 1509 346 1576 in
372 1506 477 1577 rebus
502 1528 719 1579 erraveram:
746 1503 857 1576 errori
885 1501 990 1575 finem
1018 1503 1205 1578 advenisse

124 1632 289 1722 gratutor.
310 1627 389 1698 Vidi
408 1631 551 1699 formosi
571 1629 725 1723 corporis
743 1637 841 1699 artus
858 1626 1006 1699 effusos:
1024 1628 1206 1701 admiratio

123 1751 277 1822 animum
297 1749 465 1843 dolorque
484 1750 672 1821 concussit.
692 1751 735 1821 Et
755 1752 902 1821 tortasse
918 1771 1014 1821 nuuc
1033 1752 1135 1843 apud
1153 1752 1208 1822 ali·

117 1894 229 1967 'quem
252 1880 345 1944 totus
361 1895 416 1955 es,
433 1863 440 1892 ¹
459 1883 496 1943 et
515 1872 608 1967 opud
622 1875 725 1944 talem
739 1870 884 1942 forsitan
897 1872 957 1962 qui
971 1892 1078 1943 suum
1094 1872 1208 1966 hospi·

124 2007 194 2066 tem
215 1996 323 2068 hahet
342 1997 566 2086 incognitam.
584 1994 751 2086 Quisquis
768 1994 803 2064 in
822 2004 855 2064 te
872 1993 1086 2088 reperiendo
1105 1999 1209 2069 fortu-

125 2117 237 2187 natior
250 2119 322 2200 suit,
337 2119 425 2189 sciat
435 2139 473 2187 se
487 2138 561 2186 rem
574 2116 690 2204 magni
704 2114 804 2206 pretii
820 2115 1016 2208 possidere,
1032 2138 1208 2211 quamque

124 2238 154 2307 si
177 2237 314 2307 noverit
333 2238 463 2331 primas
481 2237 570 2307 inter
586 2236 728 2309 divitias
746 2238 845 2308 locet.
864 2238 915 2308 Tu
933 2237 1078 2329 quidem
1100 2240 1137 2311 in
1157 2241 1209 2311 his

125 2357 242 2442 libris,
261 2359 319 2452 qui
340 2369 426 2452 quot
443 2358 513 2431 sint
528 2357 660 2442 nescio,
679 2358 743 2431 sed
760 2357 978 2430 hauddubie
995 2360 1102 2450 multi
1120 2374 1207 2439 suut.

124 2503 199 2554 rem
220 2505 240 2554 a
261 2481 427 2582 Cicerone
447 2485 515 2556 iam
536 2503 620 2554 sene
641 2502 779 2554 summo
803 2480 918 2552 studio
944 2490 1132 2554 tractatam
1159 2506 1209 2556 re

123 2603 251 2677 tricare
271 2627 393 2690 ausus
415 2605 511 2700 quod
535 2606 627 2677 iactu
653 2603 867 2698 impossibiie
886 2600 1105 2690 iudicabam,
1133 2615 1210 2700 post

125 2728 211 2797 tanti
231 2727 297 2798 viri
317 2730 469 2818 vestigia
488 2748 615 2813 nouam
638 2748 709 2799 non
727 2726 928 2799 imitationis
949 2725 1014 2797 sed
1036 2725 1209 2800 doctrina

125 2845 275 2935 proprias
295 2848 523 2938 praeclarique
543 2848 660 2940 operis
681 2848 826 2936 gloriam
846 2846 1025 2929 invenisti3
1043 2848 1139 2921 adeo
1159 2850 1209 2924 di·

124 2964 271 3053 ligeuter
291 2963 336 3033 ab
356 2966 414 3034 iiio
433 2966 625 3036 instructus
648 2977 765 3037 orator
785 2991 805 3039 a
827 2979 860 3040 te
881 2979 1042 3061 comptus
1062 2981 1208 3043 ornatus

123 3108 192 3178 que
220 3096 292 3168 est,
324 3094 362 3153 ut
386 3087 495 3155 multa
523 3085 568 3154 ab
594 3084 651 3155 iilo
681 3089 738 3158 vel
763 3094 923 3180 neglecta
952 3092 1007 3159 vel
1034 3113 1107 3164 non
1135 3093 1209 3165 ani·

124 3207 309 3278 madversa
321 3186 516 3278 videantur.
531 3207 646 3302 Atque
660 3212 707 3280 ita
724 3211 924 3303 singulatim
938 3214 1054 3284 omnia
1069 3217 1207 3308 colligis

123 3331 203 3401 duci
222 3341 280 3400 tuo
297 3332 429 3421 elapsa,
448 3338 487 3397 ut
503 3342 671 3422 quantum
690 3333 783 3402 vinei
800 3335 951 3426 eio’quio,
973 3344 1111 3408 tantum
1130 3337 1210 3409 dili-

123 3449 238 3538 gentia
265 3447 404 3517 vincere
432 3461 528 3520 recto
552 3452 585 3519 ni
614 3453 712 3522 fallor
739 3453 867 3525 indicio
893 3454 961 3525 dici
990 3457 1119 3547 possis.
1148 3459 1210 3531 ille

121 3570 214 3637 enim
237 3590 339 3638 suum
360 3581 533 3639 oratorem
559 3574 753 3662 perardua
778 3595 965 3645 cansarum
986 3598 1027 3646 ac
1047 3599 1210 3653 summos

120 3690 330 3779 eloquentiae
347 3693 497 3763 vertices
514 3696 601 3783 ugit,
624 3707 659 3765 et
676 3695 894 3767 iudicialibus
915 3698 1013 3769 bottis
1029 3701 1076 3771 ad
1097 3703 1214 3776 victo·

121 3810 208 3877 riam
234 3812 370 3882 format.
399 3814 449 3883 Tu
474 3814 613 3904 longius
641 3826 800 3907 repetens
827 3827 998 3890 oratorem
1025 3832 1126 3895 tunm
1146 3848 1213 3918 per

247 3980 253 4008 ¹
267 3982 303 4029 ud
318 3984 370 4033 baec
387 3985 462 4034 uerba
478 3960 806 4041 irr⁰Cndioe³Passionciano
824 3991 923 4051 iegitur.
939 4010 949 4037 ι
967 3994 1017 4044 Hor
1034 4009 1121 4046 uerius
1135 3999 1190 4059 suit

140 4077 198 4124 qum
217 4064 348 4119 Costontin
359 4076 468 4132 repertus
480 4080 517 4122 ret
532 4078 602 4123 totos.
615 4089 626 4118 s
