2834 5086
203 773 264 853 '5220
515 809 524 821 Χ
547 806 704 853 munuum
726 805 938 854 urrunnun.

207 958 320 1040 potest
340 947 464 1017 animis
488 945 654 1016 modestis
681 957 716 1016 et
741 967 823 1016 sese
848 947 1133 1040 componentibus
1155 948 1200 1020 ad
1220 971 1282 1020 na-

207 1079 329 1140 turam.
364 1068 462 1138 Etsi
491 1066 596 1137 habel
627 1067 871 1160 unusquisque
903 1068 998 1161 quod
1031 1068 1169 1152 sufficit,
1195 1071 1282 1163 quid

205 1187 430 1261 metuendum
453 1189 694 1282 suspicemur‘.l
714 1186 882 1260 Omnibus
904 1187 1177 1274 abundabimus,
1198 1192 1281 1262 mihi

205 1313 340 1405 crede,
362 1314 542 1405 magisque
576 1316 693 1386 forsan
726 1313 855 1384 invidia
890 1313 992 1385 nobis
1023 1337 1128 1408 quam
1168 1318 1281 1410 inopia

205 1438 392 1510 metuenda
412 1448 477 1508 est.
499 1435 590 1520 Quid
606 1444 834 1530 expectamus
857 1437 983 1528 igitur‘?
1004 1437 1073 1507 Cur
1094 1438 1195 1523 mari,
1218 1460 1282 1510 cur

206 1561 395 1643 montibus,
414 1558 685 1651 fluminibusque
702 1559 1033 1650 disiungimur‘lcur
1049 1581 1118 1630 non
1136 1561 1279 1632 eosdem

205 1683 316 1774 iungit
342 1705 408 1753 una
429 1681 555 1752 domus
575 1703 664 1774 quos
686 1681 798 1751 iunxit
815 1680 860 1752 ab
880 1682 961 1752 olim
985 1682 1098 1753 unitas
1120 1687 1281 1756 volunta·

206 1811 303 1878 tum‘?
327 1806 427 1890 Quid,
450 1825 580 1898 precor,
603 1804 786 1888 obstaculi,
815 1815 875 1875 aut
894 1804 977 1898 quid
998 1805 1209 1876 difficultatis
1228 1808 1281 1877 in-

206 1929 371 2010 tervenit,
395 1928 460 1997 nisi
480 1927 563 2019 quia
581 1947 672 1998 nova
688 1936 723 1996 et
740 1928 877 1997 insueta
895 1925 1063 2018 quaelibet
1079 1927 1281 2000 reformidat

205 2052 365 2122 animus?
378 2051 454 2141 Ego
465 2051 607 2144 quidem
623 2071 691 2120 non
706 2046 816 2120 solum
830 2048 1050 2119 conscientiae
1064 2071 1162 2136 meae,
1172 2050 1234 2122 sed
1246 2063 1281 2123 et

205 2174 389 2266 praesentis
414 2172 571 2265 epistolae
591 2174 700 2241 fretus
726 2169 937 2253 testimonio,
959 2171 1097 2263 culpam
1124 2193 1279 2257 omnem,

204 2292 371 2386 ignoscite
387 2296 508 2364 iratres
524 2294 605 2376 mei,
624 2292 659 2362 in
677 2312 751 2373 vos,
772 2311 835 2362 seu
857 2302 1014 2362 vestrum
1036 2294 1185 2386 aliquos,
1204 2296 1281 2387 qui-

202 2438 352 2509 cumque
373 2416 419 2484 illi
437 2416 579 2498 luerint,
602 2413 645 2484 ad
668 2415 818 2483 salutare
837 2413 1019 2482 consilium
1036 2414 1204 2487 tardiores
1226 2439 1281 2488 re·

203 2552 362 2629 torqueo,
386 2557 502 2606 coram
525 2537 652 2605 Decet
673 2532 872 2603 homiuibus
898 2537 1119 2626 proclamans
1141 2559 1203 2627 per
1225 2560 1279 2609 me

202 2679 271 2727 non
292 2670 386 2726 stare
406 2657 593 2749 quominus
622 2654 836 2726 identitatem
863 2656 1058 2726 animorum
1080 2667 1278 2728 nostrorum

201 2778 392 2872 corporalis
424 2770 610 2871 praesentia
644 2776 839 2847 comitetur.
869 2775 1032 2847 Omnium
1062 2799 1186 2870 nempe
1215 2780 1280 2847 mi-

204 2901 321 2971 nimus
348 2922 439 2982 sum,
459 2910 495 2970 el
515 2899 543 2969 si
565 2919 634 2970 non
655 2918 781 2982 essem,
805 2897 878 2968 fieri
899 2899 990 2968 volo.
1012 2899 1074 2970 Vel
1098 2912 1278 2971 vocantem

202 3021 400 3113 sequimini,
423 3021 480 3091 vel
501 3018 710 3090 unanimiter
729 3031 884 3091 evocate.
906 3018 998 3103 Quid
1019 3030 1166 3104 stamuS,
1195 3021 1279 3113 quid

200 3155 445 3235 expectamus,
467 3140 551 3233 quid
572 3141 813 3212 somniamus?
834 3143 895 3211 Vel
917 3142 1109 3234 praecipite,
1138 3145 1194 3213 vel
1219 3166 1279 3235 pa·

202 3274 296 3333 rete:
325 3262 408 3333 mibi
440 3286 524 3335 sane
557 3264 749 3356 praecipere
769 3263 912 3341 durum,
935 3286 1059 3356 parere
1078 3266 1176 3335 lacile
1201 3277 1278 3347 est;

200 3385 350 3477 ideoque
381 3386 521 3456 vocanti
553 3405 646 3477 saepe
677 3383 855 3454 ludovico
888 3396 1007 3455 nostro
1037 3396 1196 3476 paratum
1223 3408 1278 3458 rne

199 3505 317 3589 obtuli,
334 3507 363 3576 si
377 3508 560 3597 negocium
576 3506 813 3576 Cavallicense
827 3505 1045 3588 succederet,
1061 3527 1123 3598 per
1136 3504 1231 3597 quod
1243 3517 1280 3576 et

201 3628 370 3698 honestus
404 3627 438 3696 in
464 3628 531 3699 illis
557 3629 641 3699 locis
667 3626 830 3697 manendi
861 3629 971 3710 color,
994 3639 1029 3696 et
1050 3627 1132 3697 vitae
1153 3649 1277 3699 neces-

201 3751 293 3820 saria
312 3760 567 3842 quaererentur,
591 3751 641 3821 ire
662 3770 732 3842 quo
753 3747 819 3817 sibi
841 3748 1017 3834 libuisset,
1043 3769 1112 3820 non
1134 3750 1278 3841 ignarus

201 3871 342 3963 quidem
368 3893 484 3941 rerum
511 3871 633 3940 harum
667 3881 703 3938 et
733 3869 889 3953 illarum,
912 3868 974 3939 sed
1002 3869 1117 3940 sciens
1142 3891 1207 3940 vos
1231 3869 1278 3938 ibi

199 4016 278 4066 esse
299 4014 387 4087 quos
409 3993 492 4063 mibi
514 3996 607 4064 solos
629 3995 765 4063 fortuna
785 3991 984 4082 reliquerat,
1012 3994 1141 4064 amoris
1168 3993 1277 4063 nostri

199 4118 305 4189 veluti
326 4118 424 4188 uncis
442 4115 669 4187 validissimis
687 4136 726 4185 ac
744 4112 926 4184 tenacibus
945 4113 1160 4195 retrahebar,
1182 4112 1275 4197 licet,

201 4253 239 4308 ut
262 4241 295 4308 in
320 4240 465 4333 epistola
499 4236 649 4329 quadam
685 4245 831 4306 testatus
858 4255 949 4315 sum,
979 4235 1117 4305 viderer
1150 4232 1277 4303 millia

200 4374 303 4448 portu
323 4362 358 4431 in
379 4370 603 4453 tempestates
627 4357 759 4429 medias
787 4377 1018 4428 reversurus:
1042 4355 1113 4439 sed,
1131 4366 1169 4426 ut
1192 4355 1275 4437 dixi,

200 4481 314 4550 omnia
335 4481 479 4551 vincens
501 4492 561 4551 aut
582 4478 738 4549 vinciens
760 4497 874 4558 amor,
901 4497 971 4545 non
997 4474 1277 4546 dissimulantem

201 4619 289 4693 quos
310 4600 344 4668 in
366 4605 527 4694 scopulos
541 4620 676 4692 agerer,
701 4597 857 4689 urgebat.
880 4596 987 4678 Nunc,
1008 4596 1120 4680 irater,
1146 4606 1276 4667 mutata
