2670 4688
272 308 363 357 creua
389 308 757 365 rruusruusouurrus-
775 305 929 356 crurum
955 308 973 353 ι.
1106 292 1161 355 tot

77 452 170 544 quod
192 456 288 523 velut
311 454 412 522 malae
440 448 520 520 fidei
547 458 686 545 pontem
718 452 750 520 in
787 451 932 521 transitu
966 448 1163 520 cavendum

78 572 305 667 sequentibus
330 573 598 666 proclamarent.
634 572 734 643 Certe
767 594 835 663 ego
858 573 1041 667 epistolam
1071 574 1163 644 illam

79 717 191 767 meam
212 717 391 787 nunquam
413 692 516 765 hodie
536 693 604 765 nisi
624 693 802 766 admirans
820 695 914 784 lego,
928 703 964 764 et
980 692 1165 764 attendens

78 839 214 890 mecum
240 816 340 888 dico:
368 836 553 907 generosae
580 817 747 888 sementis
769 815 897 908 aliquid
919 813 1071 886 habebat
1096 815 1164 887 iste

79 939 227 1022 animus,
249 938 380 1009 sicum
403 938 439 1010 in
460 947 617 1030 tempore
637 937 841 1029 diligentius
862 939 1045 1010 coluisses.

176 1059 259 1130 llaec
280 1057 339 1129 tibi
369 1058 462 1141 ideo,
486 1056 757 1151 prudentissime
786 1057 955 1143 virorum,
978 1056 1164 1135 scribenda

80 1179 228 1266 credidi,
251 1203 321 1252 non
342 1192 379 1252 ut
404 1183 486 1252 novi
506 1180 638 1272 aliquid
666 1179 850 1264 afferrem,
876 1181 1017 1252 sienim
1044 1203 1107 1275 pot
1133 1193 1166 1273 tc

82 1305 196 1395 ipsum
219 1303 285 1374 ista
304 1324 373 1374 non
394 1323 537 1387 nosses
561 1303 624 1374 vix
645 1302 730 1373 mihi
756 1313 794 1375 ut
817 1303 980 1379 crederes
1002 1304 1165 1397 impetra·

81 1447 178 1507 rem,
205 1426 270 1497 sed
289 1436 328 1497 ut
348 1436 442 1497 tuam
465 1446 649 1518 meamque
673 1425 879 1498 memoriam
913 1426 981 1498 situ
1014 1425 1163 1498 obsitam

77 1556 115 1617 et
148 1546 345 1641 implicitum
381 1546 488 1624 rebus
520 1557 748 1623 excuterem:
783 1560 820 1620 ut
851 1549 946 1642 quod
980 1552 1083 1621 tacito
1108 1570 1165 1621 me

77 1671 191 1740 facere
213 1678 246 1740 te
265 1678 301 1739 et
320 1669 446 1741 fecisse
466 1690 536 1740 nou
557 1668 690 1755 dubito,
709 1691 847 1740 mecum
865 1668 911 1741 ud
925 1678 1162 1762 contemptum

78 1791 163 1863 vitae
183 1789 319 1876 brevis,
341 1804 378 1863 et
398 1790 608 1867 inevitabilis
631 1793 689 1864 fati
712 1791 928 1871 tolerantiam
951 1790 1162 1883 accingaris:

77 1922 114 1983 et
150 1912 200 1983 sic
233 1912 386 1983 animum
415 1915 622 1997 formemus,
647 1925 684 1991 ut
708 1912 880 2007 quidquid
907 1934 1163 2006 supervacuum

79 2035 143 2106 has
163 2035 253 2106 inter
273 2036 455 2127 angustias
477 2037 637 2123 inclusis,
654 2037 752 2111 etad
771 2039 841 2110 alta
860 2034 1051 2108 nitentibus
1072 2037 1164 2105 ultro

79 2158 157 2229 licet
188 2158 351 2232 obtulerit
383 2161 538 2245 fortuna,
559 2158 671 2253 quod,
694 2161 767 2230 Deo
798 2157 943 2250 gratias,
974 2177 1068 2252 saepe
1094 2155 1162 2228 ium

77 2279 242 2365 fecimus,
267 2280 448 2371 magnifice
470 2292 746 2355 contemnamus.
770 2282 865 2356 l'ale.

506 2724 684 2794 tulstoln
706 2725 736 2791 ll.
766 2788 769 2792 ,

190 2897 384 2947 unuucrscns
406 2887 577 2944 curatum·
597 2892 701 2942 ruurcr
722 2892 895 2943 vrcuurnro
917 2895 943 2941 s.
967 2895 993 2942 r.
1018 2896 1046 2943 n.

123 3047 217 3103 Narrat
233 3065 263 3102 se
278 3049 305 3102 in
321 3049 525 3103 contentionem
541 3047 692 3103 adductum
707 3061 772 3101 cum
786 3045 879 3117 aliquo
893 3048 943 3117 qui
958 3046 1119 3105 Ciceronem

314 3136 390 3195 nullo
405 3136 487 3192 modo
502 3135 667 3211 reprehendi
682 3150 738 3193 uon
754 3133 918 3209 patiebatur.

176 3381 213 3450 ln
246 3379 449 3453 suburbano
481 3383 664 3455 Vicentino
696 3403 758 3475 per·
791 3392 929 3454 noctem
962 3381 1159 3476 hospitatus

78 3522 204 3574 novam
226 3499 400 3572 scribendi
421 3504 599 3576 materiam
622 3504 753 3577 inveni.
780 3505 830 3579 lta
855 3504 946 3574 enim
969 3502 1095 3577 occidit
1122 3517 1159 3577 ut

77 3623 145 3694 sub
178 3621 357 3696 meridiem
390 3622 534 3695 Patauio
569 3623 772 3717 digressus,
811 3626 932 3720 patriae
958 3636 1030 3695 tuae
1056 3625 1158 3703 limen

76 3746 295 3838 attingerem,
318 3753 486 3836 vergente
522 3745 591 3816 iam
625 3747 671 3818 ad
703 3767 868 3821 occasum
902 3749 986 3819 sole.
1026 3745 1074 3822 lbi
1114 3769 1158 3819 ne

77 3868 184 3960 igitur
208 3867 481 3962 pernoctandum
515 3887 559 3937 an
596 3869 741 3941 ulterius
766 3867 1024 3962 procedendum
1048 3869 1157 3964 (quod

77 4002 113 4062 et
143 3990 350 4063 festinabam
383 4000 419 4062 et
451 3987 668 4082 longissimae
699 3991 787 4063 lucis
820 4013 903 4087 pars
927 3989 1020 4064 bonu
1052 4014 1158 4089 supe-

79 4113 201 4227 reratl,
223 4113 480 4186 deliberaturus
498 4109 694 4184 haerebam:
712 4112 797 4187 dum
815 4135 897 4187 ecce
915 4113 1005 4211 (quis
1019 4137 1058 4189 se
1071 4116 1159 4189 celet

77 4226 90 4242 ·’
202 4242 239 4283 ιιι.
970 4237 998 4286 tl
1061 4280 1071 4295 ,
