2834 5086
164 735 225 799 tull
509 744 666 796 arruuurx
689 741 903 792 urranrnuu.

165 899 245 965 ruat
257 900 404 986 oportet
418 889 514 959 Tune
526 907 612 976 ergo
631 883 716 978 quid
730 885 847 956 lueres
864 882 1045 974 intelliges,
1063 905 1143 955 eum
1160 883 1247 976 quid

167 1008 283 1085 adhue
303 1008 349 1081 sit
369 1007 478 1081 ilorua
496 1004 721 1115 cognouerit,
744 1003 844 1075 cuius
861 1003 967 1075 modo
980 1004 1112 1076 nuntiis
1127 1004 1176 1075 rie
1196 1003 1248 1075 in·

165 1132 286 1214 sullas,
308 1138 436 1223 putans
456 1118 527 1197 nou
545 1146 626 1197 esse
646 1125 706 1219 qui
722 1116 897 1207 'vindicata
919 1124 1078 1209 Falleris,
1100 1123 1245 1218 ineptis,

165 1248 309 1323 insanis.
332 1248 395 1321 Est
411 1247 471 1340 qui
492 1243 647 1318 vindicet
665 1245 700 1316 in
719 1246 997 1326 rotonensem
1015 1243 1075 1338 qui
1093 1244 1248 1318 vindioet

166 1369 324 1445 interris
345 1368 479 1441 amisus
501 1365 578 1452 Dei,
599 1387 704 1460 quem
723 1358 912 1443 tumescis:
924 1376 1017 1439 aunt
1037 1368 1144 1451 vires,
1158 1368 1247 1461 qual

164 1512 209 1567 ue
225 1489 398 1585 suspicari
424 1488 565 1581 quidem
593 1499 702 1582 potes.
727 1488 779 1561 tu
803 1486 947 1560 misera!
976 1487 1045 1560 Sed
1064 1491 1248 1582 experiere

164 1612 269 1697 illico,
290 1622 329 1685 ut
342 1630 462 1719 spero
485 1611 569 1682 Tute
587 1611 690 1683 nobis
708 1610 777 1680 vim
799 1620 955 1683 nostram
974 1609 1111 1683 iniuriae
1133 1610 1250 1683 redii-

90 1797 97 1815 .
165 1734 260 1809 dem.
280 1732 367 1804 Cum
386 1730 535 1827 primum
553 1730 673 1805 dolere
692 1733 914 1828 ooeperimus,
935 1752 1061 1824 magno
1083 1741 1192 1805 tractu
1212 1742 1251 1804 et

166 1855 210 1930 ud
232 1853 416 1928 sanitatem
437 1863 472 1925 et
493 1854 538 1926 ad
560 1853 665 1926 robur
681 1855 908 1926 accessimus.
928 1855 979 1925 Tu
1001 1875 1088 1925 vero
1108 1877 1166 1926 res
1185 1876 1249 1928 no-

166 1974 259 2050 stias
271 1975 485 2061 miserearis,
505 1977 560 2047 vir
573 1975 730 2048 illustris.
752 1975 858 2065 Erige
872 1986 1072 2065 surgentem
1089 1977 1247 2067 patriam,

167 2095 383 2189 utgeutibus
405 2094 592 2171 iuemdulis
619 2095 705 2190 quid
736 2115 827 2166 nuno
860 2093 963 2166 etiam
999 2095 1107 2166 Roma
1136 2098 1250 2190 possit

166 2216 324 2293 ostonde.
346 2218 396 2291 llo
418 2219 551 2312 reliqua
571 2217 663 2290 enim
688 2216 799 2300 tulin,
826 2217 882 2287 cui
911 2201 1066 2288 dubium
1081 2226 1136 2288 est
1165 2217 1249 2310 quin

168 2351 338 2437 quantum
354 2341 465 2432 potuit
476 2339 604 2433 possit,
616 2359 681 2410 neo
699 2338 809 2415 vires.
828 2359 893 2409 uec
910 2358 1010 2431 opes,
1033 2360 1098 2411 uec
1116 2338 1249 2409 animos

168 2459 333 2544 (iuduere,
353 2460 417 2532 sed
434 2463 668 2532 consensum?
687 2461 754 2544 Qui
772 2461 802 2530 si
816 2479 907 2529 unus
924 2459 1087 2544 adiuerit,
1102 2459 1252 2531 illuden-

169 2581 263 2657 tibus
280 2582 409 2653 nomini
440 2581 559 2653 Italico
584 2589 702 2650 tenore
728 2578 911 2672 praesentis
933 2581 1091 2672 epistolae
1111 2581 1252 2675 propiu-

169 2723 273 2798 quam
285 2710 439 2791 stragem
453 2700 713 2795 perniciemque
725 2699 1249 2795 denuncio.Tu,inquam‚quem
1349 2749 1360 2759 -

170 2832 277 2898 tuutae
295 2822 345 2893 rei
357 2821 480 2894 ducem
502 2821 811 2907 lataoonstituuut,
831 2844 938 2916 perge
952 2845 1021 2917 qua
1030 2825 1178 2918 ooepisti.
1193 2825 1252 2894 Ni-

173 2945 221 3017 hil
239 2943 455 3016 formidabis:
479 2942 661 3015 nubeculae
683 2944 761 3016 istae
791 2946 865 3016 sole
884 2945 1041 3016 radiante
1061 2944 1251 3018 dissilienl:

171 3068 436 3159 vulpecularum
465 3064 603 3137 insidiae
633 3067 745 3136 leonis
766 3066 933 3158 impetum
953 3088 1022 3138 non
1048 3069 1169 3138 lerent.
1198 3067 1253 3136 in·

172 3208 318 3281 grossus
344 3210 383 3259 es
410 3188 576 3278 gloriose:
599 3189 608 3257 i
629 3188 778 3271 sortiter,
802 3189 810 3257 i
829 3198 1029 3261 constanter
1045 3188 1091 3260 ad
1108 3189 1251 3280 reliqua.

171 3309 324 3382 Ostende
341 3308 516 3404 superbiae
529 3318 698 3400 quantum
713 3307 906 3380 humililate
927 3308 972 3379 sit
994 3310 1147 3392 inlerior,
1169 3314 1254 3379 ata-

173 3430 260 3502 rluae
281 3440 450 3522 quantum
472 3430 632 3519 largitate
650 3429 845 3522 pauperior,
861 3430 1006 3499 fallaciae
1023 3451 1127 3521 quam
1147 3432 1253 3501 stulta

173 3553 220 3624 sit
239 3552 372 3623 adiecta
407 3549 618 3642 prudentiae,
653 3549 819 3644 voluptati
850 3572 955 3642 quam
978 3549 1089 3641 turpis
1114 3550 1254 3622 admota

174 3674 412 3769 temperantiae
427 3694 470 3744 ao
485 3671 613 3744 deuoti.
641 3671 816 3763 Agnoscat
846 3671 985 3744 tandem
1015 3675 1117 3745 mous
1146 3674 1252 3768 hypo
1375 3654 1379 3661 ’

174 3797 274 3870 crisis
287 3818 393 3887 quam
415 3794 502 3866 nihil
523 3792 569 3865 sit
590 3792 650 3864 ubi
667 3815 750 3865 vera
773 3795 886 3865 virtus
907 3796 1087 3866 affulserit.
1108 3795 1168 3868 Eia
1188 3815 1255 3886 age

175 3939 298 4010 rumpe
319 3937 449 3998 moras,
471 3926 507 3985 et
528 3935 646 3985 ranam
676 3924 810 3986 tumore
831 3916 977 3987 ridiculo
1003 3919 1128 3988 molem
1151 3916 1255 3989 solidi

176 4034 277 4109 bovis
297 4038 488 4109 imitantem
508 4048 659 4130 protere,
682 4039 819 4128 frange,
845 4039 1020 4109 conculca.
1035 4038 1110 4109 Nou
1133 4040 1256 4130 loquor

178 4166 215 4233 ut
235 4157 382 4230 incitem.
404 4160 479 4231 Non
494 4160 700 4251 impulsore,
720 4180 784 4229 uec
802 4158 945 4232 lenitum
960 4159 1107 4251 indiges,
1129 4169 1166 4230 et
1185 4162 1255 4230 cal·

176 4298 236 4357 our
256 4292 292 4349 ot
307 4283 456 4351 lraenum
474 4282 510 4352 in
531 4291 701 4372 potestate
726 4281 849 4365 habes,
882 4283 944 4353 sed
973 4282 1127 4354 dolorem
1150 4280 1253 4352 animi

180 4397 303 4479 nuilus
324 4403 414 4472 lerre
435 4426 502 4474 non
523 4403 631 4493 potui.
653 4404 758 4473 Dolor
771 4402 945 4496 loquendo
958 4412 1057 4474 aetus
1077 4403 1254 4492 querelam

183 4522 288 4603 auxit,
302 4522 497 4593 ulricissim
513 4544 629 4595 sermo
642 4523 868 4616 indignationi
883 4524 1083 4596 alimentum
1095 4521 1253 4613 praebuit,
