2670 4688
176 278 235 342 ἰοὶ
511 288 554 338 ns
578 290 679 340 nunus
698 286 921 338 roimundus
962 345 966 353 ,

175 434 280 507 habet
298 433 437 505 fortuna
457 451 523 507 neu
541 453 648 504 mors.
668 431 790 503 Virtus
810 430 951 524 quidem
977 432 1054 526 ipsa
1080 431 1135 503 hic
1162 443 1197 503 te
1225 432 1264 503 in

175 556 280 629 linem
300 565 337 627 et
356 564 435 648 post
454 553 558 626 finem
575 553 808 638 comitabitur,
830 562 937 646 teque
951 552 985 623 in
1006 555 1147 638 coelum,
1164 554 1263 627 unde

174 679 239 751 silui
253 677 352 771 origo
364 686 430 762 est,
451 679 619 749 virtutum
636 654 703 748 ulis
718 678 859 749 attollet.
878 676 954 767 Ego
967 684 1095 758 autem
1111 696 1263 768 magna-

173 803 265 875 nime
281 801 350 885 vir,
367 813 405 895 nt
419 788 761 897 virissim'gondees.
776 820 904 892 mogun
919 799 1035 871 studio
1054 802 1154 871 telem
1168 822 1263 893 quo-

171 945 242 1018 que
254 923 408 995 animum
424 924 516 995 nitor
528 923 684 1008 induere,
697 932 733 994 et
746 944 853 1016 prope
867 924 934 994 ium
949 921 1072 1005 videor
1084 921 1262 996 induisse.

170 1045 264 1118 Vivo
280 1044 418 1117 interim
439 1057 475 1119 et
495 1048 609 1127 valeo,
633 1044 662 1115 ei
684 1065 754 1136 qua
775 1046 940 1117 valetudo
964 1046 1114 1137 integre,
1136 1044 1165 1115 si
1183 1067 1262 1137 qua

172 1167 245 1240 rito
265 1168 470 1240 mortalibus
495 1187 580 1239 vera
603 1176 670 1236 est.
692 1165 792 1236 Certe
813 1166 843 1234 si
867 1187 947 1236 eum
974 1167 1119 1258 legifero
1139 1166 1262 1258 grain-

171 1312 250 1363 rum
271 1288 413 1382 gloriari
428 1287 554 1370 ausim,
571 1294 609 1355 et
628 1284 704 1378 ipse
720 1284 876 1377 quotidie
892 1285 1033 1359 discens
1045 1286 1178 1380 aliquid
1198 1309 1262 1360 se·
1287 1332 1290 1337 ν

171 1433 291 1495 nesoo,
312 1422 349 1484 et
365 1410 480 1481 minus
491 1408 526 1479 in
538 1407 616 1479 dies
633 1408 766 1478 frustra
781 1407 1000 1482 formidatam
1016 1409 1256 1484 inevitabilem

170 1533 261 1605 illem
283 1532 405 1603 horum
426 1541 555 1614 metuo,
579 1540 721 1623 paratus
739 1541 774 1602 te
787 1530 822 1603 in
841 1534 976 1604 senium
994 1545 1031 1606 et
1051 1533 1085 1604 in
1107 1544 1259 1605 mortem

169 1651 280 1745 requi,
305 1653 377 1735 vel,
403 1652 487 1745 quin
511 1650 682 1724 moriendi
706 1654 823 1725 nullus
847 1665 904 1726 est
922 1655 1027 1739 ordo,
1056 1656 1086 1726 si
1110 1676 1158 1726 ex
1184 1659 1259 1729 alto

167 1776 289 1851 dutum
301 1786 366 1860 est
380 1775 426 1847 ad
439 1787 596 1861 mortem,
612 1775 697 1847 nihil
711 1776 788 1871 ipse
804 1800 955 1872 quoque,
975 1778 1044 1851 nisi
1061 1782 1160 1852 tollor
1180 1802 1260 1853 ms-

168 1908 272 1973 tuenn
296 1906 360 1973 out
382 1896 562 1984 hesitans,
585 1900 729 1973 anteire.
752 1901 925 1974 Ceterum
944 1901 1029 1973 dnm
1044 1902 1102 1999 liin
1118 1922 1256 1987 sumus,

169 2034 268 2097 ntem
292 2046 366 2108 me,
392 2040 525 2114 prenor,
553 2033 657 2095 utre
682 2031 756 2108 tun,
782 2034 819 2094 et
844 2027 875 2096 si
899 2025 984 2116 quid
1002 2027 1117 2095 lorsan
1137 2047 1185 2096 ex
1199 2047 1260 2099 me

167 2122 279 2237 rupis,
306 2142 448 2217 intendi
461 2152 542 2216 tuus
566 2142 679 2229 labor,
706 2144 852 2239 parendi
877 2144 1064 2217 detentet-to
1089 2167 1167 2217 mea
1195 2147 1258 2220 sit.

167 2264 254 2339 Vale
272 2288 406 2339 memor
425 2265 546 2339 nostri.

308 2418 470 2492 Mediolani,
485 2420 547 2478 vn.
562 2420 703 2482 Kulendrs
716 2424 840 2482 Martios

464 2814 467 2823 .
583 2762 763 2827 urlsrotu
783 2762 829 2827 vt

171 2926 364 2980 missurus
383 2894 553 2979 uersutus
574 2929 710 2980 ronrmr
729 2928 883 2979 rrrscoro
905 2930 1097 2985 onunrmnsr
1117 2936 1143 2986 s.
1165 2936 1194 2986 r.
1216 2936 1249 2988 n.

287 3071 444 3129 Immeritus
457 3070 511 3127 sibi
525 3069 623 3125 laudes
632 3068 753 3141 respuit:
769 3067 851 3139 eique
859 3069 1025 3146 inscriptum
1037 3076 1122 3131 mittit

551 3158 713 3215 Bucollcnm
731 3174 856 3215 carmen.

262 3345 361 3417 Unde
381 3342 448 3417 hoo
467 3343 552 3415 milri
570 3352 608 3415 ut
623 3340 788 3414 dominus
802 3365 843 3416 ae
855 3358 1052 3442 praeoeptor
1073 3371 1175 3423 meus
1187 3376 1248 3429 me

135 3447 139 3453 ¹
163 3468 370 3559 magistrum
390 3475 427 3539 et
446 3466 625 3539 dominum
645 3487 747 3539 suum
767 3478 886 3551 vocet,
905 3469 972 3541 nisi
992 3470 1074 3563 quin
1096 3495 1249 3567 magnus

162 3608 263 3661 umor
280 3589 335 3660 sui
354 3588 548 3663 obliviosus
569 3588 652 3659 nihil
675 3587 831 3661 meminit
848 3589 914 3663 nisi
932 3615 1037 3685 quem
1056 3595 1185 3688 diligit,
1206 3598 1250 3671 il-

161 3708 235 3780 lum
261 3708 329 3781 sibi
353 3712 489 3805 qualem
511 3713 587 3782 rult
608 3709 720 3803 fingit,
748 3711 843 3785 illum
869 3717 1026 3788 attollere
1051 3717 1189 3803 nititur;
1210 3720 1250 3794 id

162 3829 195 3903 si
205 3844 368 3925 nequent
390 3834 465 3930 ipse
475 3834 666 3917 deseendit,
681 3834 831 3928 denique
845 3836 956 3909 modis
971 3839 1132 3912 omnibus
1148 3843 1245 3915 illum

162 3951 230 4026 sibi
259 3973 402 4048 aequare
434 3956 634 4029 contendit?
657 3957 731 4028 Tibi
754 3959 827 4043 nni,
849 3959 917 4028 nisi
942 3967 1020 4031 tuns
1048 3983 1069 4033 e
1098 3965 1246 4055 pulvere

161 4086 282 4151 erutos
302 4097 411 4172 supro
425 4080 594 4153 verticem
608 4088 706 4152 tuum
724 4083 830 4165 lones,
849 4080 934 4152 nihil
951 4092 1007 4155 est
1026 4093 1153 4157 netum.
1168 4085 1247 4177 Ego
