2670 4688
124 250 182 310 432>
583 262 745 312 liutmun

124 405 160 473 ln
184 401 249 471 boc
269 400 375 492 igitur
397 424 525 493 genere
542 404 730 489 hominum,
763 427 829 477 seu
859 411 993 500 potius
1019 412 1226 496 belluarum,

123 525 237 594 (licam
257 521 342 614 quid
364 525 488 605 sentio,
514 525 626 596 omnis
653 527 824 598 severitas
864 529 943 622 pia,
985 535 1226 606 misericordia

124 645 237 716 omnis
259 643 446 716 inbumana
466 656 532 716 est.
555 648 605 717 Tu
625 645 763 737 quidem
793 649 875 735 tibi,
902 653 967 722 vir
991 657 1167 748 egregie,
1190 657 1225 727 ad

125 766 414 837 immortalilatem
437 767 584 839 nominis
609 767 771 860 aperuisti
802 768 961 843 aditum.
988 776 1225 849 Perseveran-

123 887 206 958 dum
240 900 305 971 cst‚
333 889 362 961 si
389 888 490 979 cupis
522 888 567 961 ad
601 891 786 960 terminum
807 897 1038 985 pervenire:
1078 901 1224 992 alioquin
1264 914 1276 961 t

125 1009 325 1102 scitoquod
349 1021 479 1102 quanto
504 1011 631 1080 clarius
657 1010 874 1103 principium,
900 1025 1011 1089 tanto
1044 1021 1224 1093 obscurior

124 1130 203 1202 finis
224 1134 299 1204 crit.
321 1134 394 1203 Hoc
413 1144 528 1203 aulem
548 1134 633 1203 calle
655 1132 826 1222 gradienti
852 1139 973 1210 multa
1005 1143 1221 1235 periculosa,

125 1257 232 1326 multa
253 1256 432 1347 perplexa,
448 1257 563 1324 mulla
584 1275 709 1347 aspera
728 1276 766 1325 se
784 1258 1005 1344 ostenduut3
1030 1266 1103 1336 sed
1120 1266 1223 1338 virtus
1266 1314 1270 1337 ἢ

124 1381 257 1464 arduis²
292 1381 454 1472 patientia
484 1378 680 1450 difficilibus
712 1380 919 1452 delectatur.
957 1386 1023 1458 Ad
1069 1391 1222 1462 laborem
1266 1406 1270 1473 2

124 1503 313 1592 gloriosum
349 1504 546 1574 nascimur:
580 1501 664 1594 quid
696 1502 741 1599 pd
772 1504 927 1594 quietem
958 1507 1224 1584 inertissimam
1268 1494 1272 1587 i

124 1626 364 1716 suspiramus?
397 1625 495 1695 Adde
527 1625 620 1716 quod
654 1627 759 1697 multa
784 1624 940 1696 dillicilia
970 1633 1144 1723 primum
1167 1659 1222 1728 ag·

122 1742 362 1834 gredientibus
383 1744 459 1812 visa
487 1754 575 1825 sunt,
602 1764 683 1835 quae
708 1745 845 1835 longius
869 1756 1093 1839 progressis
1117 1779 1224 1852 appa·
1272 1836 1275 1845 ,

124 1886 224 1937 ruere
237 1862 403 1935 facillima.
418 1863 637 1957 Quamquam
652 1867 736 1958 quid
749 1888 816 1957 ego
832 1867 877 1938 dc
893 1871 1083 1959 qualitate
1106 1900 1222 1950 rerum
1273 1876 1276 1893 '

122 1985 276 2082 disputo,
298 2007 376 2058 cum
397 1988 505 2057 multa
526 1987 667 2079 quidem
690 1988 823 2071 amicis,
852 1991 952 2081 plura
982 2000 1219 2083 parentibus,

123 2109 237 2181 omnia
275 2107 395 2203 patriae
431 2107 650 2179 debeamus?
679 2110 796 2202 ltaque
827 2110 893 2179 etsi
919 2111 1069 2188 infestis
1103 2124 1223 2219 cuspi-

121 2228 223 2299 dibus
255 2252 332 2299 cum
367 2231 544 2300 sceleratis
583 2232 743 2305 hostibus
772 2236 1063 2310 concurrendum
1096 2247 1221 2330 luerit,

121 2371 305 2422 concurres
325 2359 359 2420 tu
377 2373 522 2443 prorsus
540 2354 806 2447 imperterritus,
828 2356 924 2426 Bruti
946 2356 1072 2450 ipsius
1094 2388 1223 2439 exem·

121 2476 190 2568 plo,
216 2471 275 2565 qui
308 2473 461 2545 oblatum
489 2476 521 2545 in
546 2478 620 2549 acie
642 2477 790 2569 Superbi
812 2477 906 2567 regis
927 2475 1041 2552 lilium
1068 2490 1218 2573 occidit,

122 2596 262 2685 mutuis,
284 2596 358 2688 ipse
390 2599 595 2689 volucribus
620 2598 853 2671 occumbens:
886 2598 933 2669 ita
965 2623 1081 2691 quem
1121 2611 1219 2682 Urbe

120 2717 300 2812 depulerat
319 2720 354 2789 in
375 2702 542 2792 turianum
565 2743 677 2813 usquc
702 2728 907 2812 persecutus
940 2731 1007 2792 est.
1037 2725 1096 2797 Tu
1128 2755 1220 2805 vero

121 2840 443 2924 victor-incolumis,
466 2843 533 2912 illis
559 2840 781 2936 pereuntibus
798 2843 984 2925 consistes,
1013 2857 1051 2916 et
1082 2852 1116 2921 si
1145 2858 1218 2925 uli-

123 2985 192 3056 que
218 2962 410 3034 cadendum
445 2965 501 3042 sit,
536 2944 780 3056 reddendaque
807 2967 929 3055 patriae
951 2966 1037 3049 rita,
1061 2970 1139 3044 illis
1167 2977 1215 3049 ad

123 3087 255 3158 inferna
274 3084 540 3177 properantibus
563 3089 688 3185 coelum
711 3095 828 3180 petes,
850 3108 921 3178 quo
942 3085 1001 3157 tibi
1025 3090 1150 3167 virtus
1177 3112 1215 3170 el

123 3219 259 3280 tuorum
280 3207 407 3279 caritas
427 3207 518 3278 viam
542 3209 678 3289 stravit,
709 3219 851 3279 aemrnae
873 3212 974 3279 lamae
1005 3214 1210 3306 vestigium

123 3331 179 3403 bic
216 3331 424 3422 relinquens.
463 3329 551 3411 Quid
586 3329 678 3400 aliud
711 3351 853 3423 sperare
891 3331 993 3402 licet‘l
1026 3333 1209 3412 Romulus

125 3453 245 3526 urbem
262 3453 436 3525 condidit:
456 3454 524 3534 bic,
547 3473 651 3544 quem
666 3472 761 3545 saepe
774 3455 926 3537 nomino,
944 3454 1076 3524 Brutus
1095 3457 1210 3530 liber-

124 3589 242 3663 tatem,
269 3576 432 3648 Camillus
460 3585 641 3665 utramquc
673 3575 833 3646 restituit.
868 3574 959 3659 Quid
990 3597 1079 3666 ergo
1113 3579 1210 3650 inter

123 3702 188 3773 bos
224 3711 346 3785 tecum,
380 3698 572 3770 clarissime
604 3697 676 3782 vir,
710 3698 881 3782 intererit,
908 3697 976 3767 nisi
1003 3699 1100 3789 quod
1135 3703 1210 3773 Ro·

124 3828 240 3896 mulus
272 3825 392 3895 urbem
425 3804 591 3911 exiguum
627 3820 736 3910 fragili
761 3823 853 3892 vallo
883 3819 1138 3891 circumdedit:
1169 3834 1208 3895 tu

125 3949 279 4020 omnium
302 3968 383 4041 quae
410 3957 491 4017 sunt
519 3954 555 4014 et
579 3963 661 4035 quae
686 3942 824 4014 luerunt
845 3943 1097 4036 permaximam
1120 3945 1208 4014 civi-

130 4081 232 4143 tutcm
254 4069 478 4144 validissimis
502 4065 611 4141 muris
632 4064 763 4157 cingis?
782 4069 911 4139 Brutus
932 4064 978 4137 ab
1002 4086 1088 4148 uno,
1118 4077 1156 4139 tu
1185 4092 1207 4140 a
