2670 4688
531 527 706 591 EPISTULA
729 527 807 589 lxv.

362 698 553 747 Fuuuclscus
574 697 742 748 Paresaca
763 697 804 746 lo
824 696 973 747 luoouutl.

364 864 445 918 Mittit
460 881 568 918 versum
584 864 691 934 Eglogan
706 864 730 917 ll
744 864 957 934 adiungendum.

232 1080 274 1151 Ut
293 1083 382 1151 inter
403 1092 452 1152 tot
480 1082 648 1151 maiorum
670 1102 784 1151 rernm
806 1104 908 1152 curas
942 1085 1146 1176 profundam
1172 1101 1206 1160 et

132 1203 365 1286 inexaustam,
389 1227 432 1275 ne
451 1203 565 1276 dicam
583 1225 834 1298 supervacuam
847 1216 883 1276 et
909 1206 1064 1277 inutilem
1084 1231 1202 1280 curam

134 1348 248 1398 rerum
271 1328 373 1397 etiam
403 1328 621 1399 minimarum
648 1327 781 1411 videas
809 1329 896 1399 scito
927 1329 1022 1420 quod
1047 1350 1137 1400 anno
1157 1334 1207 1402 al-

134 1460 215 1531 tero,
230 1449 312 1521 dum
327 1450 555 1523 additaliones
569 1451 645 1521 illas
660 1472 804 1542 magnas
818 1452 984 1522 dictarem
999 1452 1034 1523 in
1050 1453 1205 1527 bucolico

132 1574 284 1643 carmine
305 1593 409 1665 super
429 1575 510 1644 litus
530 1573 628 1645 sinus
649 1573 820 1658 Hadriaci,
836 1576 883 1646 ita
910 1586 947 1645 ut
972 1598 1064 1647 nunc
1084 1576 1205 1649 dexte-

131 1720 206 1766 rum
229 1720 320 1767 nunc
350 1698 528 1768 sinistrum
562 1694 682 1789 pedem
704 1697 857 1768 alternus
879 1697 1003 1769 lluotns
1034 1697 1202 1782 ablueret,

131 1820 187 1890 die
198 1819 451 1911 quodamdum
461 1823 549 1891 forle
562 1819 655 1890 aliud
668 1840 818 1909 agerem,
833 1822 983 1891 occurrit
996 1822 1110 1892 animo
1125 1844 1204 1893 ver·

132 1944 262 2013 siculus
292 1964 382 2013 unus
403 1942 600 2034 iungendus
621 1941 709 2024 aliis,
732 1962 772 2011 ac
793 1962 834 2010 ne
854 1940 1058 2025 elaberetur,
1082 1965 1202 2036 parum

131 2064 219 2137 fisus
236 2066 339 2138 etiam
361 2065 552 2136 senescenti
571 2064 763 2145 memoriae,
780 2062 812 2130 in
828 2063 983 2156 margine
1003 2064 1129 2136 Airicae
1142 2088 1203 2137 no-

130 2201 224 2274 slrae,
260 2210 340 2283 quae
365 2209 450 2260 casu
476 2202 556 2260 tuuc
581 2187 653 2259 sola
678 2185 808 2266 aderat,
828 2185 923 2255 illum
945 2187 1083 2280 scripsi,
1107 2199 1202 2262 ratus

130 2309 203 2383 fido
221 2313 295 2380 loco
314 2310 503 2400 repositum
525 2330 663 2402 semper
675 2310 719 2381 ad
739 2330 877 2380 manum
899 2311 1062 2381 futurum.
1084 2310 1202 2403 Longe

129 2451 215 2500 vero
233 2431 330 2500 aliter
351 2427 489 2499 accidit:
507 2428 601 2521 quod
622 2431 721 2499 matri
741 2429 888 2499 familias
909 2450 989 2521 quae
1003 2451 1096 2522 saepe
1108 2433 1202 2523 quod

129 2550 327 2641 diligentius
345 2548 512 2642 reposuit,
546 2551 646 2643 peius
680 2550 822 2619 invenit.
854 2550 1044 2621 Interiectis
1077 2552 1201 2624 diebus

128 2672 211 2745 dnm
233 2672 326 2743 bunc
346 2692 442 2765 saepe
462 2670 637 2764 etubique
651 2671 717 2742 nisi
740 2671 798 2743 ubi
811 2681 886 2742 erat
899 2693 1104 2764 quaererem,
1119 2697 1201 2745 nus·

128 2817 233 2890 quam
266 2796 435 2868 hactenus
465 2795 593 2889 reperi,
629 2794 694 2864 nisi
728 2795 821 2887 quod
855 2794 964 2889 pridie
984 2795 1067 2868 dum
1095 2795 1140 2866 de
1159 2818 1201 2868 eo

128 2920 210 2990 nihil
233 2921 381 3013 amplius
411 2921 612 3012 cogitarem,
640 2919 748 2992 oculis
771 2939 849 2990 sese
870 2919 956 2990 meis
989 2918 1112 2990 obtulit
1132 2942 1200 2990 non

128 3044 202 3113 sine
219 3045 340 3115 risnel
357 3046 417 3116 ira.
433 3044 510 3115 Misi
526 3067 606 3116 eum
625 3054 696 3115 tum
710 3043 831 3114 amicis
848 3043 892 3113 de
905 3040 1098 3114 Mediolano
1115 3063 1201 3133 opu-

127 3168 258 3238 sculum
282 3169 364 3240 illud
396 3166 604 3240 habentibus
636 3177 672 3238 et
703 3167 835 3236 Donato
856 3176 983 3235 nostro.
1020 3164 1118 3234 Hunc
1140 3161 1199 3233 tibi

127 3288 325 3374 subscribo,
347 3312 451 3383 quem
473 3291 549 3361 sive
570 3287 836 3361 adscribendum
872 3287 1032 3369 duxeris,
1056 3286 1132 3355 sive
1162 3295 1201 3354 ut

125 3411 404 3504 intempestivum
425 3411 660 3496 reiiciendum,
684 3412 733 3483 tui
751 3411 818 3483 erit
834 3409 978 3483 arbitrii.
997 3410 1062 3479 Alii
1078 3417 1198 3478 autem

124 3556 254 3618 omneS,
273 3535 435 3626 quamvis
453 3556 531 3631 sero
550 3537 755 3618 venientem,
779 3542 996 3628 receperunt.
1017 3533 1065 3600 De
1080 3529 1135 3598 bis
1148 3531 1199 3599 lo

123 3660 290 3749 quorqui
312 3657 495 3731 Mediolani
517 3671 609 3730 sunt.
645 3659 731 3729 Nam
765 3656 887 3727 Donati
923 3677 1027 3748 super
1052 3653 1118 3722 boc
1144 3671 1198 3721 re-

125 3801 291 3869 sponsum
309 3800 376 3850 non
398 3778 520 3864 babeo,
542 3803 605 3852 nec
632 3792 777 3873 expecto
796 3777 877 3871 quia
903 3777 1019 3848 statim
1043 3774 1123 3843 illuc
1142 3794 1193 3844 eo.

125 3903 186 3971 llst
205 3924 289 3994 orgo
307 3924 432 3974 versus
453 3902 596 3974 decimae
613 3903 756 3994 Eglogae
774 3900 957 3972 CCLXVll.
983 3899 1017 3966 ni
1039 3919 1094 3966 me
1109 3896 1194 3966 lallit

125 4049 234 4113 menS,
257 4042 291 4100 et
312 4032 468 4123 sequitur
490 4031 534 4100 ita
552 4043 631 4120 post
652 4032 763 4101 illum:

279 4169 349 4232 llion
367 4187 511 4235 eversum
528 4171 708 4249 Troiamque
726 4189 742 4234 a
760 4172 852 4250 stirpe
871 4166 1041 4240 revulsam,
