2834 5086
204 730 262 788 518
547 738 704 787 urendum
726 738 940 788 tlnrssutnun.

203 880 353 953 aemilii
379 901 654 975 perpaucorum
687 879 823 952 dierum
854 879 1063 964 absentiam,
1090 885 1278 954 multorum

203 1007 320 1074 forsan
347 1024 515 1074 annorum
537 1005 726 1095 praesentia
750 1005 784 1073 iu
818 1016 997 1098 posterum
1024 1015 1277 1097 compensetur.

204 1126 305 1196 Certe
331 1145 399 1216 ego
425 1124 477 1196 sic
501 1125 585 1196 mihi
610 1125 720 1218 tingo,
756 1127 806 1198 sic
833 1148 949 1223 spero,
983 1140 1019 1200 et
1051 1129 1086 1199 in
1120 1127 1185 1200 bau
1216 1138 1279 1221 spe

203 1248 320 1318 multis
341 1247 419 1318 lioet
439 1246 607 1319 obsessus
627 1249 800 1337 angustiis
821 1226 1017 1342 acquiesco.

298 1369 343 1438 Et
365 1370 416 1441 sic
436 1369 480 1440 ad
501 1370 584 1440 illud
604 1371 709 1442 venio
730 1371 1069 1464 quodprinoipalius
1093 1374 1129 1442 iu
1154 1373 1278 1446 litteris

202 1495 346 1575 vestris,
369 1493 405 1563 ni
425 1495 536 1577 fallor,
558 1494 759 1566 intenditur.
781 1480 844 1565 llic
864 1494 979 1585 igitur,
993 1495 1127 1577 lratres,
1147 1498 1279 1589 aperite

202 1637 319 1699 aures,
345 1635 479 1708 quaeso,
507 1617 754 1708 animumque:
786 1614 831 1688 de
865 1637 1001 1686 summa
1035 1616 1128 1687 enim
1161 1639 1280 1688 rernm

203 1748 400 1806 nostrarum
427 1737 634 1828 loquuturus
664 1758 753 1807 sum.
788 1739 893 1809 Multa
924 1738 1067 1830 quidem
1087 1738 1191 1809 altius
1211 1737 1279 1810 dici

202 1869 360 1950 possent,
384 1868 421 1927 at
440 1880 508 1929 nou
531 1862 652 1943 multa,
675 1880 757 1951 quae
777 1860 918 1963 quidem
938 1881 1005 1953 ego
1025 1861 1192 1944 noverim,
1212 1861 1279 1932 uti-

202 1979 281 2050 lius.
301 1980 371 2051 Sed
386 1979 432 2051 de
448 1979 655 2065 bouomues
671 2002 737 2052 vos
750 1981 920 2063 videritis,
935 1982 1057 2053 amici:
1076 1981 1170 2073 quod
1186 1983 1278 2052 enim

202 2104 261 2175 uni
287 2104 366 2176 dico
394 2103 556 2176 omnibus
586 2104 679 2184 dioo;
699 2115 734 2175 et
753 2104 868 2195 cupio,
903 2107 934 2174 si
960 2102 1035 2175 fieri
1068 2104 1191 2196 possit,
1215 2102 1278 2175 bas

201 2227 334 2299 litteras
353 2249 414 2319 per
427 2248 488 2298 ora
501 2228 653 2297 omnium
672 2226 896 2310 circumferri,
910 2234 946 2298 et
963 2227 992 2296 si
1006 2227 1086 2318 quis
1100 2225 1164 2296 ibit
1176 2225 1280 2298 istinc

201 2347 245 2417 od
279 2347 493 2420 occidentem
527 2347 686 2431 nuntius,
718 2346 897 2417 Ludovioo
930 2355 1051 2417 nostro
1078 2346 1278 2417 nominatim

201 2467 320 2558 dirigi,
363 2478 401 2538 nt
435 2489 558 2538 omues
596 2468 789 2555 intelligant
821 2467 876 2534 vel
912 2487 1038 2536 seusus
1072 2476 1185 2549 metm,
1223 2469 1280 2536 vel

202 2587 363 2679 ineptias.
387 2588 595 2678 Simpliciter
615 2591 703 2658 lorte
724 2586 788 2657 sed
807 2596 901 2656 uerte
922 2583 1070 2656 fideliter
1096 2587 1279 2677 loquutum

202 2705 412 2778 fatebuntur.
434 2707 533 2776 Nunc
553 2706 598 2777 ad
620 2728 692 2778 rem
715 2707 830 2776 venio.

302 2831 433 2925 Frater,
447 2830 588 2899 entiam
608 2828 673 2898 viri
693 2850 835 2912 sumus,
854 2836 915 2898 aut
932 2830 1085 2918 profecto
1101 2849 1278 2920 nunquam

201 2952 344 3021 erimus.
370 2949 479 3020 Nemo
503 2947 603 3020 nobis
629 2948 848 3023 blandiatur:
875 2956 978 3018 nemo
1004 2947 1193 3019 iuventutis
1219 2970 1301 3040 ap-¹

202 3074 385 3166 pellatione
405 3071 564 3163 decipiat.
586 3071 662 3141 Non
684 3090 806 3140 sumus
827 3067 992 3161 decrepiti
1012 3080 1116 3153 oerte,
1134 3071 1200 3142 sed
1216 3091 1280 3139 nec

202 3194 313 3285 pueri.
339 3195 446 3265 Decet
471 3194 588 3284 itaque
618 3214 688 3262 non
720 3189 952 3276 muliebriter,
984 3212 1054 3263 non
1084 3192 1277 3283 pueriliter,

203 3315 275 3387 sed.
301 3315 445 3385 viriliter
478 3326 582 3406 atque
614 3314 739 3384 acriter
772 3313 926 3402 cogitare
959 3312 1043 3404 quid
1078 3332 1215 3393 sumus,
1243 3320 1279 3381 et

202 3433 330 3526 quibus
352 3435 505 3526 undique
532 3434 693 3526 perieulis
726 3434 966 3517 circumventi,
989 3433 1102 3525 qualis
1127 3431 1278 3526 denique

201 3555 275 3626 vita
296 3555 457 3640 bominis,
480 3576 586 3646 quam
613 3556 732 3646 fugax,
767 3574 872 3647 qnam
907 3553 1052 3636 incerta,
1078 3576 1184 3644 quam
1210 3557 1279 3624 lra-
1365 3531 1369 3539 ’

202 3676 303 3767 gilis3
321 3677 524 3748 meminisse
543 3699 648 3769 quam
669 3676 767 3771 brevi
790 3676 956 3767 temporis
978 3676 1092 3769 spatio
1113 3689 1276 3770 tanquam

202 3818 347 3876 somnus
378 3811 438 3871 aut
468 3799 592 3869 nmbra
617 3798 836 3892 praeterierit,
870 3808 906 3868 et
935 3797 979 3869 ab
1008 3799 1119 3868 oculis
1148 3797 1276 3868 nostris

200 3922 384 3993 evanuerit
403 3918 574 4013 quidquid
599 3921 633 3990 in
664 3920 765 3990 terris
786 3919 901 3990 carius
927 3918 1153 3990 habebamus.
1179 3918 1279 4008 Piget

200 4055 236 4115 et
255 4042 427 4135 impedior
446 4043 579 4133 gemitu
597 4042 797 4112 carissimas
822 4043 936 4111 omnis
963 4051 1075 4111 status
1101 4060 1142 4110 ac
1167 4058 1275 4109 sexus

199 4164 337 4236 etmihi
364 4164 420 4235 vel
445 4165 616 4255 sauguine
641 4165 697 4234 vel
727 4184 846 4234 amore
872 4163 1109 4234 iunctissimus
1134 4181 1277 4231 enume-

200 4307 277 4357 rare
303 4306 488 4379 personas,
515 4307 604 4378 quas
637 4306 750 4356 nunus
785 4285 840 4355 bic
868 4285 1024 4377 pestifer,
1052 4282 1156 4354 etde
1182 4279 1276 4351 omni

200 4409 409 4478 saeculorum
425 4409 516 4478 serie
528 4407 739 4487 eradendus,
762 4407 1006 4499 intempestiva
1027 4414 1137 4474 morte
1154 4403 1276 4496 praeri-

201 4526 283 4616 pult.
311 4527 411 4598 Pauci
438 4528 580 4618 quidem
613 4550 661 4598 ex
694 4528 785 4597 omni
818 4548 926 4618 grege
954 4525 1147 4610 hominum,
1175 4525 1276 4619 pauci
