2670 4688
554 302 708 353 nnisront
730 304 757 351 u.
1131 290 1187 353 ult

132 464 181 523 rut
211 450 317 533 oliva,
352 449 496 519 multum
530 467 700 541 cupressu
725 457 759 518 et
785 446 904 529 cedro,
932 447 1077 519 multum
1108 446 1192 542 pinu

121 578 302 665 -almaque
334 578 369 640 et
402 567 515 639 abiete
548 567 737 641 virentior:
764 591 941 662 nunquam
966 571 1045 661 gelu
1068 569 1191 656 nimio,

119 714 297 787 nunquam
320 693 434 762 calore
456 690 644 783 peruritur,
672 711 849 784 nunquam
880 689 1061 761 frondibus
1085 702 1191 764 caret.

106 816 284 893 ..ambram
303 813 407 884 habet
429 811 708 897 saluberrimam,
731 816 878 884 fructum
899 834 1110 904 succumque
1130 813 1194 884 mi-

120 940 266 1011 ..ticum
288 936 389 1011 Locis
410 934 529 1007 arduis
547 956 587 1006 ac
604 935 764 1029 repositis
785 934 926 1006 habitat.
948 934 1074 1007 Aditus
1092 934 1194 1009 modo

106 1059 291 1141 ‚...tlicilis:
319 1070 445 1130 caetera
471 1056 720 1129 iucundissima
745 1067 826 1128 sunt
850 1066 954 1149 atque
978 1056 1191 1128 dulcissima.

130 1202 229 1265 ,uam
251 1189 290 1251 ut
309 1202 415 1252 nosse
437 1179 594 1272 possitis,
621 1201 690 1250 neu
717 1178 939 1250 similitudine
966 1181 1080 1273 aliqua
1107 1182 1193 1251 torte

135 1301 290 1388 ¹dlamini,
313 1302 422 1395 signis
444 1303 532 1373 hanc
552 1300 748 1373 describam
775 1302 860 1373 suis.
887 1303 1041 1386 Quatuor
1060 1313 1192 1375 tantum

145 1446 195 1497 mc
213 1426 295 1497 olim
315 1444 431 1495 ramos
458 1422 589 1508 habuit,
617 1421 699 1494 dum
727 1423 820 1495 illam
846 1424 928 1496 fessi
961 1445 1104 1517 operum
1132 1447 1193 1518 pa-

142 1566 231 1621 tores
251 1545 389 1619 avidius
408 1549 679 1640 frequentarent.
702 1545 803 1616 Venit
823 1546 1018 1638 incognitus
1043 1547 1193 1618 coelestis

122 1673 284 1765 agricola,
304 1682 340 1743 et
361 1670 496 1742 sarculo
517 1671 644 1740 cultam
669 1669 737 1763 pio,
757 1668 971 1761 serotinique
998 1669 1086 1741 roris
1113 1691 1193 1740 sua-

125 1794 225 1867 -.itate
245 1813 469 1886 conspersam
497 1792 602 1863 ramis
629 1793 727 1863 anxit
756 1815 796 1864 ac
828 1792 1010 1864 frondibus
1038 1792 1192 1863 nimium.

118 1916 227 1988 lindie
248 1926 380 2009 septem
401 1914 519 2000 habet,
540 1937 689 2008 quorum
712 1916 892 1988 interiores
916 1927 1067 2008 quatuor
1094 1917 1194 1986 tellu-

106 2062 207 2125 fnem,
246 2048 317 2110 tres
349 2036 507 2108 altissimi
541 2041 666 2110 coelum
700 2049 879 2131 spectant:
914 2039 1038 2111 ramuli
1076 2050 1193 2110 autem

119 2164 236 2253 plures
269 2171 351 2234 sunt
374 2160 419 2233 de
444 2159 573 2254 quibus
605 2184 696 2233 nunc
728 2161 889 2255 loquendi
912 2184 979 2235 non
1000 2172 1054 2233 est
1081 2163 1191 2234 locus.

106 2266 190 2357 'litto
210 2284 351 2356 assidue
370 2285 487 2354 felices
509 2304 604 2354 aurae
624 2283 912 2371 circumsibilant,
931 2306 1071 2358 canorae
1089 2285 1192 2355 simul

106 2392 154 2477 ³et
170 2405 327 2477 candidae
347 2406 507 2474 volucres
529 2403 719 2489 nidificant,
738 2430 839 2500 poma
857 2407 1043 2498 praedulcia
1063 2406 1192 2478 divites

107 2546 234 2598 'ramos
252 2532 423 2617 premunt.
445 2524 528 2595 ltlite
549 2527 674 2606 solum,
699 2526 817 2597 herbae
844 2527 954 2598 variae
974 2536 1010 2597 et
1031 2525 1194 2619 purpurei

106 2638 225 2719 'nores
247 2655 391 2738 tegunt:
414 2645 449 2713 in
471 2643 598 2736 quibus
626 2645 712 2717 levis
737 2647 931 2729 accubitus,
953 2647 1038 2718 odor
1059 2648 1195 2719 suavis-

118 2768 240 2851 simus,
255 2767 348 2840 etad
370 2788 409 2839 se
428 2769 550 2839 oculos
573 2769 714 2841 trahens
735 2771 841 2841 color.
859 2770 950 2841 Fons
971 2770 1015 2842 ad
1038 2768 1195 2841 umbram

118 2890 248 2963 nitidus
269 2892 468 2964 amoenitate
488 2892 704 2987 lympharum
727 2892 965 2987 scatebrisque
985 2890 1195 2988 perennibus

118 3025 253 3099 manat,
276 3013 375 3085 cuius
401 3016 436 3086 in
463 3015 610 3086 circuitu
645 3015 791 3088 roscidis
825 3014 1015 3108 cespitibus
1043 3013 1196 3106 ripisque

119 3136 315 3208 recentibus
341 3158 481 3210 cursum
497 3136 734 3221 lraenantibus,
759 3138 929 3211 undarum
952 3141 1018 3210 late
1040 3136 1196 3228 gratissi·

119 3279 215 3329 mum
238 3280 393 3330 murmur
414 3262 545 3354 strepit.
576 3261 658 3332 Haec
685 3261 789 3354 igitur
810 3283 948 3334 summa
969 3260 1102 3334 consilii
1128 3260 1196 3331 mei

119 3389 185 3451 set.
207 3378 376 3451 Arborem
397 3382 487 3454 hanc
506 3384 651 3477 quaerite
677 3384 770 3456 omni
792 3384 907 3456 studio
929 3394 966 3456 ut
986 3383 1121 3456 tacitis:
1144 3383 1196 3455 in·

118 3512 259 3574 ventam
281 3502 417 3596 cupidis
444 3506 534 3576 ulnis
561 3507 716 3598 arripite,
739 3518 773 3578 et
793 3517 923 3592 tenete,
950 3518 985 3578 et
1017 3506 1132 3590 colite,
1160 3516 1197 3579 et

119 3633 256 3709 amate3
277 3626 387 3696 amari
406 3626 498 3698 enim
518 3640 599 3700 ante
612 3631 698 3701 alias
712 3608 907 3722 dignaest‚
928 3652 1026 3701 sacra
1047 3649 1192 3711 comam,

120 3758 158 3818 ut
171 3747 218 3820 ait
237 3749 342 3833 Maro,
365 3757 400 3819 et
420 3752 554 3821 cunctis
574 3751 806 3824 humanorum
831 3765 982 3824 aestuum
1006 3749 1195 3846 vaporibus

119 3868 309 3943 inaccessa.
337 3873 475 3944 Haerete
495 3874 653 3944 certatim
678 3884 800 3946 trunco
820 3874 913 3946 illius
938 3874 1114 3968 usquead
1136 3896 1195 3946 ve-

120 4012 276 4085 speram,
310 4019 414 4071 nemo
446 4019 512 4070 vos
545 3997 625 4071 iude
659 3998 813 4070 divellet.
855 3998 1037 4093 Nusquam
1070 3998 1193 4071 melius

120 4119 274 4191 mansuri
305 4122 414 4207 estis,
449 4120 495 4192 ibi
529 4121 631 4209 enim,
653 4120 736 4193 mibi
757 4120 897 4206 credite,
930 4141 997 4194 nec
1022 4120 1190 4196 Cancrum
