2670 4688
543 310 696 361 et‘tssots
718 312 780 361 Llll.
1148 298 1197 359 ibi

128 472 205 522 men
226 463 372 524 avertet.
395 453 523 524 Verum
555 473 623 542 ego
649 453 834 544 praedulcis
867 455 969 525 amici
1002 451 1202 525 lacrimabili

129 574 273 657 iactura,
296 596 401 666 supra
420 595 525 668 quam
547 574 613 647 dici
634 584 756 670 posset
771 574 990 647 amarissime
1007 576 1200 661 cruciatus,

130 699 237 769 multa
253 697 436 777 vobiscum
454 696 522 770 viri
538 697 709 783 illustres,
722 696 936 769 familiariter
951 699 1087 770 locutus
1110 719 1200 769 sum.

129 818 220 888 Heu!
248 821 396 905 trustra
417 819 502 889 heu!
531 838 632 900 sero3
654 819 766 890 sentio
784 818 878 890 euim
899 817 1066 891 damnum
1085 838 1202 890 meum

131 962 199 1011 uon
220 960 324 1032 posse
344 941 491 1013 restitui
513 940 636 1013 Non
609 961 638 1011 ιι
660 941 752 1011 mille
772 939 900 1041 linguis
918 908 1177 1012 adamantinis
1168 962 1204 1012 m

130 1062 379 1152 sempiternum
399 1064 535 1154 loquar,
562 1073 622 1135 aut
646 1062 785 1155 Orpheo
808 1062 946 1134 dulcius
965 1060 1139 1134 flebilibus
1157 1062 1204 1134 ad

131 1186 240 1275 tyrum
274 1184 500 1277 querimoniis
533 1203 619 1256 saxa
650 1186 898 1279 permulceam,
934 1206 1086 1276 nuquam
1119 1184 1205 1256 mihi

131 1303 256 1376 redibit
287 1308 419 1377 amicus
451 1327 565 1377 meus.
590 1305 811 1377 irremeabile
834 1308 901 1377 iter
921 1306 1105 1398 ingressus
1136 1313 1204 1378 est.

128 1427 246 1519 Neque
266 1428 414 1499 nuncid
434 1427 549 1518 agitur
570 1437 607 1499 ut
627 1427 685 1498 ille
705 1438 880 1520 resurgat,
903 1427 967 1499 sed
986 1447 1032 1498 ne
1049 1448 1128 1499 cum
1147 1427 1204 1499 illo

128 1559 268 1618 corruat
287 1549 396 1620 decus
418 1559 587 1630 vestrum,
615 1566 765 1642 quorum
795 1550 943 1621 alterum
969 1547 1201 1644 impossibile,

126 1671 272 1741 atterum
293 1691 379 1742 vero
400 1672 613 1765 perfacilest
632 1671 666 1739 iu
687 1680 807 1742 vestra
828 1670 978 1762 positum
1005 1692 1110 1741 manu
1135 1680 1203 1741 est.

126 1793 214 1864 lllud
234 1793 376 1884 quidem
398 1795 586 1866 admonere
611 1810 681 1862 uon
701 1802 757 1863 est
776 1812 939 1877 necesse,
965 1792 1060 1885 quod
1093 1794 1205 1864 scele-

127 1935 203 1983 rum
225 1913 358 1985 iudices
379 1934 446 1984 non
467 1915 646 2007 praetcrita
665 1913 729 1985 sed
750 1915 867 1986 lutura
885 1914 1086 2007 respiciunt.
1111 1913 1203 1999 Quid

125 2034 216 2106 enim
237 2036 383 2128 prodest
401 2036 446 2107 ad
466 2059 507 2109 ea
530 2059 613 2132 quae
632 2035 811 2111 retractari
843 2045 1023 2128 nequeunt
1046 2034 1201 2107 studium

126 2157 317 2232 adbibere?
337 2160 515 2233 Similibus
536 2173 652 2235 mmeu
671 2162 772 2235 malis
794 2162 1005 2245 occurritur,
1026 2167 1063 2231 et
1080 2178 1202 2231 exem·

125 2282 180 2373 plo
200 2281 345 2352 terribili
367 2283 519 2353 humana
539 2285 718 2369 temeritas
736 2278 928 2357 &arcetur
956 2282 1043 2355 Hine
1068 2279 1124 2352 illa
1149 2278 1202 2349 ui-

126 2404 251 2474 mirum
271 2401 551 2475 doctissimorum
573 2405 752 2476 hominum
774 2400 913 2477 lau'data
936 2404 1105 2478 sententia
1126 2410 1199 2471 est:

125 2546 192 2592 non
210 2526 288 2615 puio
299 2535 553 2615 percutientem,
570 2523 627 2594 red
643 2548 683 2593 ne
698 2536 849 2615 peccetur
865 2528 1005 2594 inventa
1020 2524 1200 2615 supplicio:

126 2664 208 2736 quae
231 2666 442 2737 quamquam
477 2646 546 2717 sint
577 2665 642 2739 pro
674 2645 779 2716 huius
812 2645 954 2717 sceleris
986 2644 1200 2716 immanitate

124 2767 342 2858 dignissima,
376 2790 587 2860 quamquam
621 2766 745 2840 tacitus
776 2776 963 2861 expectare
988 2786 1058 2837 non
1077 2766 1201 2860 ‘prohi-

124 2889 222 2973 bear,
248 2901 413 2982 expetere
434 2902 548 2962 tamen
574 2911 692 2962 renuo.
720 2890 889 2963 Universa
915 2889 1022 2982 igilur
1048 2888 1124 2960 baec
1148 2888 1201 2960 sic

124 3012 297 3104 intelligar
329 3011 477 3098 dixisse,
512 3021 551 3083 ut
582 3014 675 3108 apud
707 3012 898 3085 benevolas
932 3032 1038 3084 aures
1070 3009 1200 3082 doloris

125 3133 193 3202 mei
218 3152 358 3203 sensum
388 3133 560 3225 loquendo
585 3132 807 3227 deponerem,
838 3154 878 3204 ac
910 3133 1008 3224 gravi
1041 3118 1201 3203 molestia

126 3253 293 3324 tumidum
314 3276 374 3325 cor
393 3256 563 3339 levarem,
586 3255 700 3347 potius
721 3277 826 3347 quam
847 3266 886 3326 ut
905 3256 1040 3327 animos
1059 3264 1199 3325 vestros

125 3374 170 3447 ad
187 3374 373 3447 vindictam
393 3376 574 3469 sanguinis
591 3376 854 3449 inflammarem.
873 3376 912 3449 ld
927 3376 1019 3449 enim
1039 3396 1102 3447 nec
1117 3394 1201 3467 pro·

125 3497 280 3581 sessioni,
305 3518 371 3570 nec
393 3499 498 3570 statui
515 3519 594 3570 meo
618 3499 801 3571 convenit:
826 3499 945 3592 itaque
971 3507 1080 3569 testor
1103 3484 1204 3590 ιιιιοᾶ

124 3621 169 3693 ad
195 3622 308 3703 illam,
342 3619 511 3714 quidquid
541 3621 698 3695 dicturus
732 3622 885 3692 simunt
923 3621 1094 3704 dixerim,
1128 3639 1198 3690 uon

123 3742 261 3836 aspiro:
279 3742 384 3835 idque
399 3741 494 3834 quod
515 3743 698 3815 honestius
715 3764 859 3836 possum
877 3742 1006 3835 flagito,
1025 3751 1199 3835 quatenus

122 3866 277 3958 antiquae
297 3868 418 3957 gloriae
437 3876 568 3938 vestrae
589 3866 800 3959 iustitiaeque
832 3886 1006 3939 memores
1032 3884 1102 3957 qua
1127 3862 1198 3935 sin-

122 3989 290 4077 gulariter
309 3987 489 4071 floruistis,
511 4010 588 4059 eam
611 3989 740 4059 vestris
759 3987 874 4081 perire
895 3984 1111 4082 temporibus
1128 4005 1196 4057 non

123 4109 260 4198 sinatis,
281 4108 386 4206 idque
409 4110 584 4185 obnoxius
609 4132 732 4205 precor
767 4120 804 4182 ut
835 4111 904 4182 vim
937 4109 1103 4203 publicae,
1138 4130 1197 4202 per
