2670 4688
324 290 415 337 Lllllill
437 288 614 336 Vlcu'sttlus.
627 306 666 318 -·
677 286 830 336 EPISTULA
852 288 914 336 l'lll.
1137 273 1176 335 29

97 422 188 493 modi
222 445 292 514 quo
325 423 452 514 parasti
491 423 642 492 animam
679 422 834 495 dulciora
867 424 938 494 tuis
970 445 990 493 e
1026 422 1178 494 fontibus

96 556 336 640 expectantem
358 554 547 637 utcumque
560 543 664 615 lando
678 544 845 635 digeram,
863 544 892 614 si
906 544 1049 639 possim.
1065 544 1179 614 Prima

96 668 252 760 epistolae
270 678 339 739 tuae
357 688 437 761 pars
456 668 490 736 in
509 665 711 737 memoriam
726 666 917 737 iuventutis
936 685 1024 736 meae
1037 676 1179 759 tuaeque

97 793 152 861 vel
173 790 332 883 pueritiae
352 791 409 860 vel
430 787 674 859 adolescentiae
698 808 754 857 me
778 787 941 871 reduxit3
965 786 1024 858 ubi
1049 797 1178 879 quanta

98 913 181 983 mihi
213 935 276 1005 per
307 910 343 980 id
377 924 513 1002 tempus
539 911 693 1000 egregiae
719 918 790 979 tuae
817 909 942 979 indolis
967 906 1182 988 excitandae,

97 1034 306 1104 adiuvandae
326 1042 429 1123 atque
453 1029 616 1101 omnibus
642 1030 754 1102 modis
779 1029 977 1101 attollendae
1000 1050 1084 1099 cura
1106 1029 1180 1098 lue·

97 1158 157 1243 rit,
179 1179 248 1250 quo
271 1155 399 1239 studio,
423 1154 551 1247 quibus
572 1152 706 1225 artibus
728 1152 773 1224 ad
794 1153 941 1224 solidum
968 1151 1083 1223 cibum
1108 1162 1180 1221 tea

97 1278 229 1370 liquido
251 1280 336 1349 lacte
355 1276 595 1369 provexerim,
621 1298 725 1369 quarn
750 1273 902 1366 denique
924 1295 1063 1365 semper
1087 1283 1120 1343 te
1146 1273 1180 1342 in

98 1401 218 1493 primis
240 1399 436 1484 habuerim,
459 1402 515 1492 pia
540 1412 574 1471 et
599 1399 743 1469 memori
768 1397 948 1489 diligentia
975 1407 1180 1489 prosecutus

97 1544 148 1592 es.
162 1523 237 1613 ligo
250 1533 380 1606 antem,
395 1522 518 1604 fateor,
531 1522 693 1591 inaniore
706 1541 871 1590 cessurus
890 1519 1033 1604 nemini,
1050 1520 1083 1587 in
1101 1539 1181 1610 pro·

98 1648 189 1715 lectu
212 1643 294 1712 nihil
316 1644 457 1713 omnino
478 1641 559 1711 mihi
581 1663 719 1732 arrogo.
742 1643 863 1712 Totum
887 1642 921 1710 in
944 1651 976 1711 te
996 1649 1181 1733 quantum·

97 1788 234 1858 cunque
255 1776 323 1847 cst,
348 1763 442 1856 quod
463 1786 524 1857 pro
546 1773 702 1857 ternpore
729 1764 876 1834 multum
901 1785 982 1833 esse
1009 1764 1178 1854 gratulor,

98 1909 166 1957 non
187 1910 256 1980 ego
276 1886 362 1980 (nisi
383 1890 470 1957 forte
490 1884 677 1977 gaudendo
697 1896 733 1958 et
752 1884 911 1956 mirando
932 1896 967 1956 et
990 1882 1178 1966 laudando,

98 2011 157 2102 qui
192 2031 292 2081 acres
319 2008 448 2081 stimuli
476 2010 654 2100 generosis
687 2009 812 2081 animis
838 2030 920 2083 esse
946 2007 1083 2101 solent),
1111 2028 1178 2078 non

10 2208 14 2222 ‚
99 2133 193 2225 quod
226 2134 334 2204 sciam
365 2134 453 2204 alter
482 2135 681 2225 quicunque
714 2133 926 2217 mortalium,
961 2129 1024 2203 sed
1061 2129 1180 2201 divina

100 2254 242 2346 largitas
263 2268 299 2327 et
320 2255 412 2346 iugis
433 2253 531 2326 labor
550 2255 776 2346 ardentisque
799 2256 853 2326 vis
870 2255 999 2347 ingenii
1018 2255 1065 2324 tui
1088 2252 1177 2325 fecit.
1223 2297 1230 2307 ·

98 2376 199 2459 Quod
225 2400 304 2446 eum
331 2379 377 2447 ita
404 2377 462 2456 sit,
490 2376 627 2466 gaudeo
650 2387 763 2448 tamen
791 2376 851 2448 tibi
872 2378 971 2447 aliter
990 2375 1117 2458 videri,
1144 2382 1183 2442 et

99 2497 249 2566 delatam
267 2497 362 2566 falsis
380 2495 459 2567 licet
475 2518 521 2565 ex
540 2497 666 2567 tabulis
685 2507 790 2566 tantae
807 2496 928 2586 gloriae
942 2495 1178 2566 haereditatem

101 2638 170 2688 non
197 2615 327 2688 invitus
352 2615 450 2687 adeo.
472 2617 591 2707 ltaque
612 2616 782 2709 quidquid
803 2617 836 2685 in
856 2639 895 2686 re
919 2615 976 2697 sit,
999 2616 1064 2687 hac
1084 2625 1179 2686 tuaa

102 2750 199 2829 tergo
231 2740 429 2809 relictarum
457 2759 574 2809 rerum
600 2739 929 2810 commemoratione
953 2751 1022 2810 tarn
1045 2737 1178 2821 sedula,

100 2872 135 2931 et
156 2860 220 2932 lroo
242 2861 298 2931 tali
323 2870 381 2931 tuo
401 2858 601 2931 testimonio
621 2860 667 2932 de
689 2883 743 2932 me
764 2859 847 2931 nihil
869 2862 985 2932 animo
1006 2882 1083 2931 meo
1103 2860 1181 2930 dul-

98 2981 190 3065 cius,
213 2980 296 3051 nihil
318 2992 454 3073 poterat
478 3003 560 3053 esse
581 2982 779 3054 iucundius.
802 2982 869 3053 Sed
889 2982 979 3054 hanc
999 2983 1083 3053 milri
1103 2982 1182 3053 dul-

98 3101 256 3173 cedinem
273 3114 402 3192 quanta
421 3104 579 3195 protinus
596 3103 791 3174 amaritudo
805 3103 1013 3195 resperserit
1029 3103 1181 3172 dicerem

99 3222 319 3313 expressius
346 3222 413 3294 nisi
446 3225 539 3316 apud
566 3237 599 3295 te
624 3225 737 3318 ipsum
763 3227 938 3317 loquerer,
965 3224 1027 3316 qui
1047 3223 1180 3293 eisdem

100 3345 134 3412 in
149 3344 272 3414 litteris
287 3345 469 3437 utriusque
487 3345 570 3416 nihi
583 3347 768 3417 materiam
791 3346 983 3441 praebuisti.
1002 3345 1180 3436 Attingam

102 3477 226 3536 tamen.
249 3467 340 3537 llicis
362 3489 447 3558 ergo
467 3467 544 3536 aliis
564 3467 703 3561 quidem
735 3467 871 3551 verbis,
900 3469 961 3539 sed
989 3470 1055 3537 hac
1082 3469 1182 3560 plane

102 3587 290 3670 sententia,
325 3599 361 3656 et
390 3587 440 3656 sie
472 3587 559 3657 dicis
585 3603 624 3660 ut
650 3592 773 3662 ludens
807 3592 929 3660 valens
959 3589 1086 3674 videri,
1115 3589 1200 3660 nisis
1277 3620 1280 3625 ¹

101 3711 182 3803 quia
202 3707 332 3780 obnixo
353 3711 457 3778 nimis
478 3720 513 3778 et
535 3712 626 3779 serio
649 3713 762 3780 stilum
787 3710 881 3801 figis,
906 3731 969 3794 me,
991 3712 1183 3783 alternante

101 3845 136 3903 ct
171 3840 336 3903 versante
373 3853 430 3902 res
469 3829 641 3902 humanas
679 3835 748 3902 lato
782 3833 825 3902 ad
859 3853 1006 3925 magnas
1042 3831 1184 3903 divitias

101 3957 261 4026 evectum
279 3955 436 4026 celsioris
455 3963 568 4025 status
585 3967 620 4024 et
636 3952 863 4024 aedificiorum
886 3956 1013 4047 insigni
1032 3954 1183 4047 quadam

103 4078 269 4160 elegantia
307 4058 528 4160 gloriantem.
566 4087 597 4146 lc
630 4075 705 4145 cell
741 4075 851 4167 ipsius
883 4073 1104 4149 ¹inclementia
1137 4100 1181 4147 cn
