2670 4688
528 305 682 354 uersuum
707 308 748 353 rx.
1124 293 1177 352 3⁹2!

100 459 168 528 tius
185 457 300 527 animo
319 476 397 525 meo
413 463 480 538 est,
493 454 666 544 retugium
692 465 788 523 tuum
811 453 928 524 offers.
947 454 1119 529 Craterum
1139 453 1185 525 de

99 579 252 650 adventu
273 599 351 647 mco
372 575 524 646 breviter
551 577 600 645 sic
628 575 727 647 habe.
758 574 1002 645 Libentissime
1027 576 1183 646 venirem

100 712 137 772 ut
157 711 193 773 et
214 710 273 770 tuo
293 699 350 790 pio
370 697 547 767 desiderio
563 698 814 777 satisfacerem,
835 707 870 765 et
883 716 970 765 meo.
991 695 1058 765 Sed
1078 697 1186 764 muita

98 823 255 893 obstant:
291 840 419 910 corpus
455 821 544 889 ultra
577 819 720 890 modum
756 818 897 908 fragile,
933 829 1069 909 tempus
1101 820 1187 889 torte

99 944 201 1014 nimis
239 963 425 1033 asperum,
461 942 528 1011 iter
560 941 702 1022 durum,
739 939 977 1022 intractabile,
1011 950 1047 1009 et
1082 960 1188 1030 super

99 1066 217 1135 omnia
258 1063 369 1158 pudor
405 1064 471 1134 bec
512 1063 553 1156 inj
579 1071 672 1132 statu
708 1084 824 1132 rerum
865 1058 1028 1131 abeundi.
1072 1059 1119 1131 At
1158 1062 1187 1128 si

103 1209 158 1257 res
192 1187 270 1256 istae
303 1186 541 1268 mitescerent,
565 1184 641 1255 fieri
675 1193 812 1278 posset,
847 1184 1061 1275 quodcirca
1094 1183 1189 1252 veris

102 1307 289 1377 adventum
313 1319 345 1378 te
373 1306 576 1389 inviserem,
598 1306 693 1398 quod
721 1306 754 1374 in
788 1303 893 1376 rebus
916 1305 1191 1405 nunc-humanis

104 1429 204 1499 unice
226 1428 348 1522 cupio,
376 1448 489 1517 neque
522 1437 577 1496 est
609 1448 698 1518 opus
729 1439 767 1496 ut
797 1427 953 1496 locorum
993 1425 1191 1495 amoenitate

104 1549 275 1620 solliciter.
299 1549 376 1618 Scio
406 1550 480 1618 loca
504 1570 584 1619 esse
605 1550 719 1641 qualia
748 1547 782 1618 in
804 1550 926 1619 litteris
949 1551 1018 1618 tuis
1042 1551 1128 1639 tego,
1156 1553 1192 1617 ct

105 1673 178 1763 ipse
198 1672 313 1763 aliqua
334 1692 421 1762 puer
444 1671 530 1752 vidi,
558 1682 593 1741 et
615 1684 786 1763 praeterea
807 1672 903 1741 iocus
924 1670 1050 1753 omnis,
1074 1670 1131 1740 ubi
1153 1678 1191 1739 tu

104 1813 153 1876 es,
173 1813 350 1882 nunquam
373 1791 439 1861 nisi
454 1792 715 1862 amoenissimus
729 1813 769 1861 ac
784 1791 1057 1862 iucundissimus
1075 1790 1191 1860 animo

105 1933 183 1983 meo
201 1911 314 1982 videri
334 1925 465 2004 posset.
486 1913 627 1983 iuvenis
649 1923 729 1983 tuus
750 1923 785 1983 et
806 1912 922 1983 studio
945 1911 1026 1981 mibi
1054 1913 1192 1981 iunctus

104 2043 140 2104 et
159 2034 312 2115 nomine,
339 2032 542 2127 iampridem
566 2045 601 2104 et
623 2044 766 2128 prepter
797 2035 845 2104 tui
875 2033 1127 2113 reverentiam,
1157 2045 1193 2103 et

107 2165 248 2248 propter
275 2154 328 2225 sui
363 2154 570 2226 industriam
603 2157 685 2226 mibi
714 2178 818 2227 carus
852 2166 1089 2249 acceptusque
1114 2173 1193 2225 esse

106 2280 218 2371 coepit.
248 2277 334 2348 Noto
360 2289 476 2348 tamen
506 2300 586 2347 eum
608 2277 676 2349 buc
700 2279 817 2350 mittas
839 2277 883 2349 ad
904 2278 949 2348 nii
971 2276 1065 2349 atiud
1087 2299 1190 2370 quam

109 2400 213 2470 taedia
235 2410 269 2468 et
289 2419 458 2487 angores3
479 2422 559 2468 nam
590 2421 654 2469 nee
675 2424 741 2489 ego
768 2423 846 2470 sum
871 2401 971 2470 cuius
998 2423 1045 2470 ex
1071 2410 1194 2470 coutu-

109 2521 229 2591 bernio
254 2519 335 2588 boni
358 2519 489 2607 aliquid
509 2518 553 2589 sit
578 2521 808 2612 sperandum,
831 2533 866 2591 et
887 2521 916 2588 si
937 2521 1021 2610 quid
1042 2542 1192 2610 unquam

107 2642 245 2724 suisset,
258 2661 349 2709 nunc
362 2651 455 2709 certe
468 2650 503 2708 et
516 2649 722 2731 temporum,
737 2654 773 2712 et
791 2644 954 2720 incorum,
977 2653 1013 2710 et
1034 2640 1192 2710 innume-

108 2763 267 2833 rabilium
294 2761 559 2853 occupationum
587 2763 848 2834 circumventus
874 2773 980 2855 atque
1000 2783 1193 2859 oppressus

108 2887 215 2967 mole,
246 2903 391 2975 prorsus
421 2884 456 2954 in
487 2885 600 2955 virum
628 2888 779 2957 alterum·
804 2888 913 2958 evasi.
935 2886 1111 2958 Nnnsum
1133 2884 1193 2976 qui

107 3011 255 3076 sueram:
287 3008 372 3076 mibi
400 3007 474 3099 ipsc
499 3008 619 3099 gravis
656 3010 688 3078 in
715 3009 791 3080 dies
811 3031 852 3081 ac
874 3012 1042 3082 molestus
1063 3007 1193 3085 fiwde

107 3129 269 3197 omnibus
296 3132 368 3200 Deo
401 3132 531 3220 gratias
565 3153 686 3221 agens,
722 3153 901 3224 annosque
929 3154 1025 3203 ruens
1052 3151 1189 3200 mecum

109 3250 183 3341 ipse
206 3255 408 3334 remetiens,
432 3266 467 3323 et
487 3253 641 3324 divinam
665 3258 779 3346 magis
805 3277 845 3325 ac
866 3255 982 3344 magis
1000 3256 1033 3323 in
1055 3275 1111 3323 me
1130 3251 1194 3320 mi-

109 3371 333 3443 sericordiam
370 3395 634 3465 recognoscens.
669 3378 755 3448 Noto
781 3377 885 3468 igitur
917 3377 1036 3445 veniat
1062 3374 1193 3444 amicus

110 3514 208 3562 meus
232 3489 323 3561 unde
345 3491 490 3563 tibenter
511 3494 753 3579 abscederem,
767 3495 826 3567 ubi
848 3518 912 3567 nec
928 3496 1023 3580 mibi,
1042 3516 1106 3563 nec
1128 3492 1192 3562 sibi

110 3617 189 3685 usui
210 3615 274 3683 sim
297 3616 450 3698 futuruS,
475 3615 532 3685 ubi
554 3638 655 3686 caros
679 3619 774 3690 meus
792 3617 877 3688 alios
897 3639 978 3687 esse
998 3617 1109 3687 doieo.
1128 3615 1194 3685 Ac-

108 3737 214 3806 cessit
250 3736 344 3805 enim
382 3736 428 3805 ad
465 3739 642 3807 molestias
682 3738 777 3831 qued
798 3739 959 3809 familiola
995 3760 1085 3821 mea,
1113 3757 1194 3829 quae
1242 3724 1248 3734 Χ

109 3857 222 3949 Papiae
244 3879 380 3927 mecum
398 3867 482 3940 erat,
506 3858 560 3927 bic
581 3865 650 3937 cst3
675 3859 766 3929 unde
787 3859 1037 3949 angustissime
1059 3858 1194 3930 babita-

106 3964 198 4061 mus,
218 3980 429 4071 poenitetque
452 4001 543 4048 nnnc
566 4001 620 4048 me
640 4000 703 4049 eos
725 3978 793 4050 buc
819 4002 977 4051 vocasse.
1002 3980 1071 4052 Sed
1093 3982 1194 4050 mini-

111 4098 249 4169 meista
271 4098 543 4192 praesagiebam,
572 4102 750 4192 utramvis,
776 4112 811 4170 ut
833 4101 952 4192 andin,
982 4102 1027 4172 ibi
1054 4124 1193 4194 quoqne

236 4229 270 4265 ur.
1001 4224 1026 4268 at
