2670 4688
128 295 145 354 2
470 302 510 349 DE
533 302 633 351 uanus
655 304 877 354 sublimamus

127 445 157 514 is
176 451 335 512 votorum
355 440 499 524 modus,
515 441 544 512 is
559 443 726 514 terminus
741 443 948 515 studiorum.
964 443 1096 515 Delirus
1109 447 1210 516 etiam

128 586 230 636 senes
250 564 381 635 nostris
407 562 593 637 iuvenibus
626 565 784 637 admotos
814 585 937 659 sapere
969 567 1015 638 ad
1045 565 1210 638 invidiam

127 700 241 780 putes,
263 697 299 758 et
318 688 435 759 felices
454 688 550 761 dicas
563 689 656 781 quod
671 687 780 780 pridie
795 688 866 759 nati
881 698 973 760 sunt.
988 689 1044 760 Sic
1058 689 1210 760 mundus

126 814 160 884 in
181 809 257 882 dies
275 811 319 882 ad
337 821 496 884 extrema
513 808 732 904 praecipitans
747 831 866 880 secum
880 812 995 883 omnia
1008 812 1042 881 in
1056 813 1210 883 deterius

10 997 12 1001 a
127 935 241 1007 trabit.
263 935 361 1007 Mitto
381 945 496 1005 autem
510 931 593 1023 quid
609 931 719 1002 serior
736 941 822 1004 aetas
840 943 961 1006 actura
975 934 1035 1020 sit,
1054 936 1210 1028 quando-

126 1059 266 1150 quidem
295 1057 404 1153 (quau
437 1057 481 1127 aa
510 1054 631 1144 sergio
662 1037 908 1127 carceratur
939 1057 1075 1129 dixisse
1110 1057 1209 1129 utne-

126 1182 200 1255 rius
221 1180 350 1274 Caesar)
372 1179 417 1250 ad
438 1198 502 1248 nos
521 1176 606 1246 nibil
628 1180 790 1270 pertinet,
812 1190 848 1250 et
864 1179 1057 1252 cavendum
1085 1191 1140 1253 est
1165 1206 1209 1254 ne

126 1307 235 1376 maior
252 1301 391 1392 ingenio
413 1301 458 1371 sit
478 1301 635 1391 querela:
663 1323 753 1372 neve
784 1300 867 1371 mibi
899 1303 1017 1375 forsan
1050 1316 1209 1377 occurrat

126 1425 210 1497 illud
227 1427 369 1495 Senecae
394 1422 451 1494 ubi
478 1423 540 1506 ait,
562 1444 701 1495 omnem
723 1433 864 1495 aetatem
886 1426 931 1497 de
952 1427 1106 1498 moribus
1134 1428 1208 1498 suis

124 1556 297 1638 questam.
317 1544 429 1617 Credo
449 1543 554 1616 enim:
578 1545 654 1630 scd,
670 1546 829 1632 niiallor,
851 1548 947 1641 quod
961 1547 1007 1619 ad
1020 1570 1134 1643 mores
1155 1559 1206 1619 at-

124 1669 223 1754 tinet,
240 1671 334 1740 nulla
356 1690 508 1760 unquam
522 1667 664 1762 dignius
683 1678 808 1762 questa
828 1681 894 1741 est.
919 1670 1006 1742 lllud
1027 1691 1097 1740 non
1122 1670 1208 1741 omi-

125 1793 228 1862 serim
251 1791 346 1885 quod
366 1789 411 1862 ab
428 1790 624 1863 amantibus
638 1813 719 1864 sese
735 1803 770 1863 et
784 1813 848 1865 sua
860 1802 984 1865 cuncta
1002 1792 1207 1865 mirantibus

124 1915 251 2008 opponi
271 1935 376 2010 posse
397 1912 512 1987 video.
534 1915 610 1985 Non
631 1930 709 1987 sum
727 1915 869 1988 nescius
890 1915 996 1987 ltaliae
1012 1919 1204 1998 vulnerum,

123 2057 203 2129 quae
223 2059 315 2109 nunc
336 2014 461 2131 quaeve
481 2038 562 2108 olim
584 2020 751 2131 perpessa
773 2036 839 2107 iam
861 2037 963 2109 malis
984 2037 1154 2121 induruit,
1173 2046 1209 2107 et

124 2159 249 2229 callum
272 2157 405 2229 crebris
426 2158 646 2230 cicatricibus
669 2157 893 2251 superduxit,
915 2180 1114 2252 quanquam
1137 2181 1205 2230 non

122 2279 219 2352 ltalia
238 2288 381 2364 tantum,
402 2280 466 2352 sed
485 2293 657 2352 terrarum
673 2278 770 2352 orbis
787 2279 832 2353 ab
848 2280 984 2373 origine
1000 2282 1117 2353 clades
1131 2284 1208 2354 tulit

122 2402 338 2476 innumeras.
360 2402 452 2486 Quid
471 2423 558 2474 vero
577 2414 633 2475 est
652 2402 747 2477 aliud
769 2402 889 2476 brevis
911 2403 988 2474 haec
1004 2402 1077 2475 vita
1102 2426 1205 2497 quam

124 2546 219 2598 mors
239 2525 397 2616 longiori
409 2524 501 2608 Quid
514 2525 609 2599 aliud
622 2536 758 2599 terrena
777 2525 944 2600 habitatio
963 2550 1067 2621 quam
1085 2529 1207 2620 gravis

125 2648 257 2721 servitii
277 2646 393 2720 loedus
410 2670 542 2732 carcer,
566 2662 603 2722 et
619 2651 712 2740 iugis
738 2653 914 2723 moestitiae
939 2675 1034 2722 coeca
1058 2651 1209 2720 domus?

125 2773 219 2843 Scio:
243 2768 307 2842 sed
327 2767 423 2841 aliud
442 2776 498 2838 est
517 2765 563 2836 ab
581 2767 755 2853 hostibus,
778 2771 910 2841 alinda
932 2770 1027 2840 viliis
1043 2766 1207 2848 obsideri,

124 2892 254 2984 urgeri,
288 2891 413 2986 premi,
450 2888 519 2975 uri,
550 2890 693 2960 vastari.
728 2888 851 2962 Deficit
878 2889 1066 2982 aliquando
1095 2887 1207 2959 bostis

124 3025 309 3099 externus,
343 3012 483 3105 etipse
515 3013 620 3084 alium
653 3008 830 3103 fatigando
857 3015 1025 3082 lassatur:
1058 3007 1207 3102 denique

125 3136 238 3210 omnis
262 3137 443 3209 hominum
470 3136 633 3213 incursus
666 3133 801 3218 brevis,
832 3155 897 3205 nec
927 3131 1034 3203 ullum
1066 3132 1207 3207 omnino

126 3260 252 3332 bollum
274 3260 471 3331 mortalium
493 3259 685 3330 immortale
705 3270 771 3339 est;
798 3280 878 3329 cum
906 3257 1106 3328 auctoribus
1133 3256 1207 3327 suis

127 3381 308 3453 intercidat
335 3390 484 3474 oportet,
511 3392 546 3452 et
572 3379 645 3451 suis
677 3380 791 3475 ipsum
813 3379 947 3451 viribus
969 3380 1205 3469 extinguatur.

127 3503 215 3574 Vitia
230 3505 341 3597 spatio
355 3503 519 3598 temporis
536 3515 724 3596 augentur,
745 3515 780 3575 et
794 3504 964 3576 exercitio
984 3502 1207 3582 roborantur,

126 3636 161 3695 el
181 3649 251 3717 quo
271 3630 348 3721 plus
369 3627 549 3700 nocuerint
569 3626 734 3719 incipiunt
755 3630 833 3719 plus
854 3648 992 3700 nocero.
1007 3625 1117 3694 Nemo
1130 3645 1209 3693 cru-

125 3749 234 3820 delior
255 3774 359 3843 quam
382 3752 441 3845 qui
465 3751 526 3824 diu
548 3750 624 3836 luit,
647 3773 751 3822 nemo
772 3761 841 3823 lam
863 3753 932 3823 cito
953 3747 1103 3820 luxuriae
1130 3767 1208 3818 suc-

127 3873 258 3944 cumbit
286 3898 389 3966 quam
423 3875 483 3968 qui
507 3896 600 3970 saepe
621 3874 813 3948 succubuit.
847 3876 965 3948 Multis
998 3894 1045 3945 ex
1074 3869 1208 3942 actibus

127 3994 265 4067 habitus
279 3994 377 4077 fiunt,
392 4010 428 4069 et
448 3999 499 4070 sic
518 3997 756 4073 assuescendo
771 3997 1014 4071 curvescimns
1028 4006 1067 4070 ut
1081 4010 1208 4088 pronos

129 4119 161 4188 in
185 4130 311 4192 terram
334 4128 494 4193 sternere
514 4133 713 4215 promptum
733 4122 789 4197 sit.
807 4119 864 4194 Sic
881 4140 963 4194 aevo
981 4119 1109 4193 urescit
1123 4136 1209 4190 avu-
