2670 4688
464 326 504 372 trs
527 325 627 372 uultus
650 321 873 370 uttttttuutssvs

219 472 305 552 Quae
326 470 424 540 curvi
446 476 579 540 secretu
603 470 720 551 larus,
741 486 831 558 quus
849 461 988 535 arboris
1006 462 1166 537 umbras.

221 590 317 674 Quas
339 610 519 660 nemorum
541 587 709 671 latebras,
731 585 900 678 conisque
920 584 1049 657 sedilia
1071 587 1168 678 parri

221 712 413 795 Ambitus,
435 711 535 782 cuius
558 713 675 780 fessus
696 729 760 780 seu
778 705 920 801 cespitis
943 704 1092 779 uerbum

220 833 397 905 Prusseris
418 830 592 912 accubitu,
616 851 679 902 seu
701 831 810 923 ripam
832 828 937 900 sontis
954 830 1104 907 aruoeni

222 955 338 1048 Atque
358 976 399 1027 ea
420 962 630 1048 praeseutem
650 951 734 1022 mihi
756 961 790 1023 te
811 951 1011 1045 spectacula
1033 948 1187 1021 reddunt.

223 1080 311 1163 Quae
333 1077 455 1171 patriae
477 1078 613 1148 fortuna
635 1086 721 1159 tuae,
746 1096 817 1168 pax
832 1085 964 1169 quanta
986 1074 1162 1168 sepulchri

221 1200 369 1270 Audisti.
388 1198 478 1282 Quid
497 1200 606 1269 Roma
628 1219 770 1292 parens,
789 1195 856 1270 hoc
874 1189 1042 1289 quaerero
1061 1197 1152 1268 noli:

224 1323 295 1392 Huc
314 1321 436 1392 meiius
456 1321 592 1391 nescire
611 1330 716 1413 putu3
738 1318 942 1393 melioribus
962 1339 1087 1390 aurern

223 1444 315 1534 Ergo
336 1441 475 1525 adhibe,
497 1453 533 1514 et
552 1465 669 1515 rerum
689 1462 876 1515 successus
897 1440 995 1514 disoe
1016 1454 1166 1514 tuarum.

222 1564 363 1660 Tityrus
387 1574 424 1636 ut
446 1576 583 1638 tenuem
603 1566 720 1638 senior
741 1568 807 1636 ium
829 1563 955 1659 perflat
974 1584 1141 1645 averium.

222 1684 426 1770 Quadrifido
447 1690 541 1759 cuitu
560 1699 641 1759 tuus
663 1697 700 1758 ut
721 1685 923 1782 respierrdet
941 1689 1097 1779 agetius,

226 1808 270 1880 Ut
289 1818 371 1880 tuus
393 1809 542 1881 AEeueas
560 1810 650 1881 vivit
669 1819 851 1902 totumque
871 1830 932 1904 per
950 1807 1077 1880 orbem

224 1934 268 2007 Et
287 1933 400 2025 piacet
420 1943 456 2004 et
474 1931 624 2016 canitur,
647 1941 743 2005 tauto
763 1931 928 2023 quemad
950 1930 1071 2003 sidera
1092 1933 1169 2002 uisu

226 2056 361 2126 Tollere
381 2054 519 2126 conanti
538 2075 631 2125 murs
652 2053 788 2126 obstitit
808 2050 926 2125 iuvidu
946 2053 1091 2144 magnis

225 2174 420 2267 Principiis:
442 2175 606 2245 miserum
616 2174 761 2246 AEneam
774 2175 841 2246 ium
854 2195 991 2245 summa
1005 2174 1207 2269 premebant

131 2354 134 2358 ,
228 2292 311 2366 Fata
332 2317 454 2380 manu,
477 2295 616 2389 iamque
633 2316 695 2366 ore
716 2309 776 2368 tuo
796 2297 985 2368 damnatus
1004 2294 1141 2382 abibat,

225 2417 468 2512 Arsurumque
489 2418 614 2490 iterum
637 2418 748 2512 pietas
770 2418 930 2510 Augusta
952 2420 1124 2493 secundis

229 2543 365 2637 Eripuit
380 2541 548 2625 flammis
570 2563 673 2636 quem
696 2564 764 2613 norr
782 2541 962 2613 morientis
979 2542 1086 2614 amici

226 2666 356 2739 Deiecti
374 2687 517 2738 movere
537 2664 654 2750 animi,
678 2665 868 2756 meritoque
888 2683 1078 2755 supremus

228 2787 488 2879 Contempsisse
510 2806 631 2880 preces
652 2807 732 2857 aeuo
753 2783 951 2858 laudabitur
969 2789 1080 2859 omui.

228 2907 442 2991 murum,
465 2907 603 2990 dilecte,
627 2909 717 2990 vaie,
737 2918 946 2999 nostrosque
966 2920 1116 3000 rogatus

228 3027 413 3100 Maeuuium
431 3027 683 3120 Ascraeumqus
704 3049 808 3098 senus
831 3031 968 3100 satrere
990 3030 1126 3106 iubeto.
