2834 5086
170 618 224 675 ltili
499 624 540 673 tttt
563 624 662 671 tttttttts·
684 625 908 674 t'tttttittttttttts

167 772 199 841 ia
222 766 306 838 nrlm
328 788 441 859 neque
463 788 530 861 pax
553 767 673 850 clarat,
697 790 811 861 nequa
838 768 926 839 bella
954 766 1137 850 liniantur,
1165 792 1246 843 carn

166 914 280 984 traque
312 889 375 983 ipsi
409 891 591 982 qntnsccra
623 892 819 976 niteamus,
855 912 970 984 neque
1003 891 1058 962 his
1092 914 1246 985 unquam

167 1014 349 1108 stipendiis
376 1010 574 1085 tlrlmllarel
598 1013 745 1096 Quando
766 1013 870 1099 enim,
892 1033 965 1098 om,
987 1014 1167 1085 vincerent
1185 1015 1246 1106 qui

166 1138 295 1211 vicisse
318 1138 382 1211 iant
403 1140 548 1221 nollent,
569 1136 673 1208 immo
689 1135 830 1229 quidem
849 1135 977 1230 quibus
995 1137 1136 1207 vincere
1152 1137 1247 1209 vinci

166 1266 242 1332 nst?
269 1261 417 1333 llorrnnt
438 1262 471 1331 in
493 1260 639 1355 patriam
668 1259 823 1331 reditus:
846 1260 941 1331 haud
961 1259 1155 1330 immerito:
1180 1282 1247 1351 gu-

167 1396 303 1458 starunt
324 1384 415 1456 caim
439 1383 544 1454 ltaliae
571 1404 744 1477 saporam,
771 1381 989 1477 aderuntque
1021 1391 1058 1453 ct
1089 1391 1246 1454 metuunt

168 1506 246 1578 bnlli
269 1506 387 1591 linem,
415 1505 474 1598 qni
502 1505 661 1577 ebrietati
695 1529 736 1578 ac
772 1508 919 1579 licentiae
954 1506 1094 1577 modum
1127 1516 1242 1600 ponat.

167 1631 336 1715 Quamvis
355 1652 420 1700 nec
442 1631 472 1699 si
489 1629 593 1700 valde
610 1631 753 1724 cupiant
765 1631 899 1701 hostem
916 1628 1066 1712 vincere,
1082 1627 1148 1699 iam
1164 1648 1243 1722 pos·

168 1755 248 1838 sint,
271 1756 345 1825 suis
368 1754 432 1846 ipsi
453 1752 547 1822 vitiis
568 1775 609 1824 ac
631 1750 786 1824 moribus
814 1751 912 1844 victi,
939 1752 1041 1842 capti¹
1069 1753 1242 1846 oppressi,

167 1880 351 1961 exarmati,
375 1878 469 1948 servi
491 1877 686 1968 degeneres
703 1876 930 1967 voluptatum.
946 1872 1038 1954 Quid
1050 1895 1136 1944 vero
1152 1895 1245 1944 nunc

167 2002 219 2070 eis
239 2000 371 2072 diceret
391 2000 504 2094 prisca
521 1999 578 2069 illa
595 2000 748 2068 Romana
767 1995 887 2066 militia
904 1997 1137 2065 masculorum
1155 1996 1246 2066 mili·
1324 2048 1327 2052 -

168 2134 253 2207 tum,
276 2123 404 2218 quibus
425 2133 551 2215 praeter
571 2141 667 2190 arma
688 2117 804 2189 cibum
826 2137 966 2209 quoque
986 2116 1120 2187 dierum
1141 2118 1244 2208 pluri-

167 2268 316 2330 morum,
343 2265 413 2314 non
440 2243 532 2313 hunc
557 2241 694 2309 mollem
722 2239 832 2309 multa
858 2247 933 2307 arte
949 2241 1155 2320 conlectum,
1180 2237 1241 2306 sed

167 2369 367 2463 pindarum
401 2385 542 2455 panem,
572 2361 773 2450 vallumque
802 2359 945 2450 insuper
974 2359 1128 2427 hameris
1154 2358 1243 2425 terre

168 2512 243 2561 tnns
265 2493 388 2564 luerat,
410 2504 482 2573 qno
502 2492 537 2549 et
557 2482 682 2548 samem
705 2479 866 2549 diurnam
894 2500 972 2549 sero
998 2480 1180 2573 pellerent,
1208 2487 1244 2547 el

167 2632 206 2679 stt
232 2608 321 2675 inter
348 2622 464 2672 coecos
499 2600 651 2671 hostium
685 2601 835 2672 insultas
868 2614 970 2672 nocte
1001 2611 1241 2696 protegerent,

166 2723 423 2814 tratrnircntque;
458 2722 580 2793 audire
607 2723 698 2792 soliti
724 2746 743 2794 a
771 2722 921 2795 ducibus
948 2726 1021 2796 suis
1049 2727 1076 2794 si
1105 2724 1245 2816 quando

171 2844 237 2918 aab
254 2848 347 2915 fasce
367 2845 484 2929 nimie,
510 2847 636 2918 lentius
654 2845 868 2932 incederent,
883 2850 991 2939 miles,
1010 2868 1083 2916 cum
1097 2857 1127 2915 le
1135 2845 1245 2936 plodio

171 2971 296 3039 vallare
307 2971 426 3052 scieris,
441 2971 565 3039 vallam
576 2975 662 3062 serre
674 2969 825 3055 desinite,
840 2983 876 3043 et
888 2973 1064 3063 ingentem
1084 2972 1242 3066 clypeum

165 3093 289 3161 serenti
315 3114 411 3183 tegre
442 3091 692 3186 exprobratum
723 3094 796 3165 ita:
829 3097 972 3184 amplius
1002 3095 1087 3165 iusto
1117 3105 1244 3164 scutum

164 3219 244 3304 fers,
259 3236 361 3304 neque
374 3212 409 3282 id
423 3212 639 3304 reprehendo,
655 3214 785 3303 parando
798 3218 914 3284 melius
928 3226 1019 3286 scuto
1033 3218 1134 3286 uteris
1144 3237 1243 3309 paam
1261 3246 1264 3250 ·

162 3333 292 3428 plodio?
314 3336 413 3404 Nulla
439 3333 484 3402 ibt
513 3339 709 3426 epularum,
737 3338 829 3407 nulla
857 3338 928 3407 vini
961 3341 1113 3409 mentio:
1144 3339 1243 3410 rivus

166 3459 291 3543 omnis,
307 3459 388 3530 licet
405 3456 572 3540 turbidas,
594 3459 791 3532 sitient-ibas
809 3472 990 3534 nectareos
1009 3475 1111 3557 potus
1127 3461 1242 3534 dabat.
1273 3512 1278 3527 ,

166 3584 287 3656 Nullus
310 3605 455 3677 usquam
478 3582 644 3675 voluptati
672 3584 791 3655 locus:
816 3586 931 3658 omnia
958 3587 1071 3657 virtus
1096 3606 1243 3678 occupa-

166 3719 279 3790 verat,
302 3718 337 3779 et
353 3706 473 3798 glariae
494 3707 646 3778 studium
669 3719 705 3780 et
729 3710 873 3802 pudoris
899 3722 1024 3780 metus.
1052 3707 1244 3783 lllilitabant

167 3830 233 3901 sul)
254 3831 388 3902 severis
409 3828 573 3915 ducibus,
594 3832 654 3923 qui
676 3833 853 3903 mollitiem
871 3854 985 3924 neque
1007 3834 1040 3902 in
1066 3855 1106 3904 se
1129 3854 1243 3926 neque

168 3953 200 4022 in
221 3954 289 4025 alio
309 3955 400 4023 terre
421 3962 575 4046 possent.
597 3949 781 4023 Habebant
801 3953 877 4024 illos
898 3974 967 4024 non
994 3955 1145 4026 luxuriae
1171 3977 1244 4026 ma·

168 4073 297 4162 gistros
319 4075 381 4146 snt
403 4073 600 4147 sobrietatis
617 4077 812 4168 exemplar,
833 4076 867 4147 in
884 4101 952 4171 qua
966 4080 1155 4172 principem
1174 4098 1244 4148 non

168 4197 267 4286 sequi
301 4198 468 4269 militibus
506 4197 705 4269 indecoram
744 4209 850 4271 asset.
885 4200 964 4269 Vini
1000 4200 1242 4294 parcissimum

168 4319 292 4390 lulium
325 4320 497 4394 Caesarem
529 4321 680 4393 hostium
706 4346 846 4418 quoqne
870 4326 1087 4397 consessione
1114 4324 1245 4397 didice-

169 4453 259 4524 rant,
295 4454 329 4512 ct
360 4441 449 4514 adeo
482 4446 596 4517 victus
630 4445 870 4533 indifferentis,
907 4471 970 4520 nec
1003 4451 1095 4541 gulae
1128 4447 1244 4520 minus
