2670 4688
416 581 421 587 „
494 487 672 550 llllsulla
696 489 739 550 l'l.

146 682 345 730 calcatellus
372 683 549 730 vrcucouus
570 681 700 730 Guluulll
723 681 817 730 (ΞΛΜ).
841 683 890 730 ΕΡ.
912 672 1098 732 Peluruuusll

108 846 223 900 Galeatii
238 845 409 899 vicecomitis
422 846 534 898 nomine
550 844 595 897 Fr.
613 846 742 899 Petrarca
757 846 938 917 conqueritur
952 862 1048 901 casum
1062 849 1136 916 rogis

185 935 336 989 llnlliarum
346 935 536 1002 inllnglorum
552 936 713 989 servitutem
730 952 784 989 uua
799 952 862 989 cum
877 935 933 990 mio
948 935 1060 989 redacti.

182 1192 495 1262 Reverendissime
521 1200 617 1282 pater
642 1202 677 1261 et
699 1191 849 1262 domine.
880 1191 1009 1264 Audito
1030 1217 1168 1267 rumore

82 1314 185 1384 llobili
207 1336 246 1384 ac
274 1314 446 1406 stupendo
477 1336 583 1406 super
614 1336 699 1383 casu
734 1311 925 1385 miserabili
953 1327 989 1385 et
1014 1317 1168 1389 inaudito

81 1437 305 1508 illustrissimi
332 1437 462 1508 domini
492 1437 559 1509 mei
581 1439 693 1529 regis
715 1447 820 1514 *tauto
848 1458 924 1508 sum
952 1441 1101 1512 moero're
1123 1442 1168 1510 si·

82 1560 151 1628 mul
173 1580 213 1629 ac
232 1559 374 1630 horrore
407 1581 613 1642 concussus
641 1569 679 1630 ut
699 1561 762 1630 vix
783 1560 912 1652 aliquid
930 1562 1021 1653 loqui
1048 1563 1167 1636 sciam.

84 1681 169 1764 Quis
191 1684 282 1753 euim
306 1682 370 1752 sibi
395 1685 483 1752 hanc
498 1683 618 1766 vitam,
643 1706 683 1754 ac
702 1683 866 1754 incertam
890 1685 1036 1754 lortunae
1057 1686 1167 1754 aleam

89 1815 195 1875 tutam
220 1818 348 1898 speret,
376 1805 517 1896 quando
543 1806 575 1873 in
604 1826 804 1874 summoue
834 1805 935 1874 unico
955 1807 1167 1877 Francorum

88 1949 170 2016 rego
195 1939 325 1997 lantum
352 1925 486 1999 lacinus
508 1947 592 1997 ausa
614 1935 690 1996 est:
717 1947 822 2017 quem
848 1926 1001 2015 glorioso
1033 1948 1054 1996 e
1080 1927 1168 1997 solio

83 2047 125 2118 ad
164 2061 309 2129 terram,
345 2063 378 2122 et
413 2071 525 2140 usquo
558 2048 601 2118 ad
640 2070 763 2117 manus
799 2046 949 2117 hostium
981 2048 1166 2119 detrahere

84 2193 188 2241 manu
210 2173 312 2266 impia
339 2183 372 2242 et
394 2172 578 2245 temeraria
603 2193 670 2239 non
692 2172 864 2264 expavit?
890 2170 1025 2261 Lugere
1045 2168 1164 2251 debet,

84 2291 224 2364 nisime
251 2295 334 2363 fallit
355 2317 466 2374 amor,
495 2307 586 2365 lotus
615 2303 784 2363 terrarum
803 2291 912 2373 orbis,
939 2304 1043 2385 alque
1063 2315 1166 2364 omne

84 2414 414 2499 genushominum
444 2415 594 2483 maximo
624 2415 681 2504 qui
715 2415 747 2482 in
782 2416 892 2484 altiori
926 2416 1041 2506 aliquo
1074 2426 1164 2485 statu

85 2549 176 2605 sunt.
200 2535 393 2624 Singularis
420 2545 534 2604 autem
561 2534 659 2606 dolor
684 2544 719 2602 et
740 2536 993 2605 inconsolabilis
1011 2547 1066 2604 est
1087 2557 1169 2605 soo-

86 2681 178 2744 rum,
206 2680 354 2750 quorum
376 2680 442 2748 ego
464 2680 519 2727 me
541 2679 686 2727 numero
713 2656 910 2727 adscribere
932 2659 1060 2742 audeo,
1083 2661 1165 2749 quin

83 2783 185 2851 reliam
215 2789 346 2859 teneor,
371 2783 527 2851 recolens
549 2803 652 2871 quam
676 2779 826 2870 benigno
847 2801 1022 2871 ortamque
1048 2781 1166 2850 suavi-

85 2917 137 2973 ter
158 2905 257 2974 visus
278 2916 383 2996 alque
408 2914 572 2975 lraotalus
595 2904 641 2973 fui
664 2905 757 2981 olim,
791 2885 858 2972 tam
888 2925 948 2994 per
975 2905 1085 2997 ipsum
1105 2902 1167 2972 do-

85 3026 215 3095 minum
238 3050 350 3096 meum
374 3050 511 3115 regem,
535 3050 639 3118 quam
663 3049 723 3120 per
745 3027 883 3119 inelylae
910 3027 1086 3099 memoriae
1109 3049 1168 3118 pa-

87 3156 172 3215 lrem
191 3147 281 3230 eius,
310 3162 373 3219 n'eo
395 3171 462 3219 non
481 3152 584 3218 etiam
607 3172 668 3243 per
692 3149 782 3217 liune
811 3148 917 3218 lilium
946 3149 1020 3217 eius
1042 3146 1167 3238 primo·

85 3269 253 3358 genitum,
278 3292 379 3359 quem
402 3274 494 3343 Deus
514 3273 734 3364 omnipotens
768 3269 810 3340 ad
843 3272 986 3339 salutem
1012 3270 1109 3356 regni
1132 3280 1168 3337 et

87 3389 365 3481 tranquillitatem
395 3390 545 3464 fidelium
582 3395 799 3464 reservarit:
828 3393 902 3486 qui,
929 3403 1096 3485 quanlum
1132 3390 1164 3457 in

85 3515 141 3582 illa
165 3522 245 3581 tunc
265 3513 384 3605 puerili
406 3525 508 3582 aelate
530 3538 592 3584 sua
612 3514 685 3589 lieri
716 3518 836 3607 poluit,
861 3528 956 3586 tanto
977 3535 1032 3582 me
1050 3515 1167 3582 favore

85 3634 289 3725 complexus
322 3643 390 3713 esl,
421 3646 458 3703 ut
491 3635 678 3723 imaginem
711 3658 808 3706 suam
845 3633 1045 3726 praeeordiis
1081 3631 1167 3702 meis

84 3756 241 3844 affigeret
260 3768 425 3847 perpetuo
442 3755 657 3824 duraturam.
676 3757 722 3824 llll
737 3780 826 3825 nuuc
842 3758 955 3845 igitur,
975 3770 1008 3825 ut
1021 3755 1165 3844 dignum

84 3888 154 3958 est,
184 3879 318 3948 sincera
341 3876 408 3948 lide
432 3879 632 3969 compatior.
664 3881 712 3946 [le
749 3879 858 3971 ipsius
884 3891 1000 3947 tamen
1024 3876 1165 3995 egfregia

87 3994 200 4068 indole
222 4012 325 4092 alque
347 4002 476 4070 virtute
497 3999 651 4080 conlido,
680 4001 772 4091 qnod
800 4000 919 4070 divino
940 4003 1022 4068 lulla
1046 3998 1166 4092 praesi-
