2670 4688
555 281 714 334 arrsrnnu
736 280 778 326 ur.
1147 266 1205 328 509

72 466 99 515 ‚a
124 427 312 495 inferorum
335 422 431 494 adire
454 418 782 492 vellam--Verba
800 420 984 503 sambrae,
1007 421 1070 493 sed
1086 439 1203 491 veram
1306 402 1310 411 ’

72 576 96 643 ’,
123 569 266 619 cansam
290 547 427 637 explica
449 564 584 636 quaeso.
601 585 646 595 -
661 544 734 613 lmc
756 553 792 613 tu
812 544 949 634 explica
969 565 1032 614 cur
1053 543 1135 613 mibi
1161 542 1207 614 sit

81 724 92 761 ς
124 667 287 760 optanda.
305 668 411 737 -Ut
430 666 476 738 sit
503 665 562 735 tibi
590 664 849 746 soctasmmes.
865 705 914 719 -
927 665 1043 746 Sucia,
1066 667 1207 759 comes?

72 764 84 879 ζ
125 789 233 858 Erras
267 788 518 858 veliementer:
553 787 622 856 imo
650 794 688 856 ut
714 785 759 855 sit
784 782 865 854 mibi
894 785 1044 877 iurgium
1071 785 1204 870 audax,

72 976 77 989 ,
127 931 284 979 murmur
317 911 496 1002 frequens,
532 909 657 980 infesta
690 907 857 1000 suspicio,
893 907 1089 999 importuna
1115 909 1205 978 zelo-

72 1004 74 1017 Ι
126 1031 233 1126 typia‚
248 1049 364 1123 'poena
397 1030 602 1131 domestica,
629 1027 737 1100 febris
759 1029 936 1111 continua,
957 1028 1084 1101 decora
1106 1050 1207 1123 spur-

124 1154 218 1234 citia,
241 1153 348 1224 iacies
367 1154 474 1237 culta,
494 1155 603 1225 lorma
624 1172 790 1233 venerea,
810 1152 904 1222 color
921 1149 1037 1234 lictus,
1059 1151 1208 1223 viscosae

126 1294 241 1366 genae,
263 1274 384 1346 lascivi
406 1284 545 1365 gestus¹
569 1273 915 1366 girovagiintnilna,
937 1274 1026 1344 oculi
1053 1272 1204 1367 prodigi,

126 1395 236 1468 ubera
253 1396 420 1478 demissa,
437 1397 660 1467 tumefactum
678 1407 810 1490 pectus,
826 1394 883 1465 ilia
892 1394 1058 1486 gracilia,
1077 1405 1206 1466 escatae

126 1517 319 1601 illecebrae,
341 1516 446 1590 verba
465 1520 613 1609 petulca,
634 1515 773 1591 blanda
780 1517 888 1599 fraus,
911 1516 1072 1587 simulata
1093 1517 1208 1610 suspi-
1272 1507 1274 1511 ⁸

126 1641 197 1727 ria,
218 1642 287 1734 piae
307 1641 431 1713 indolis
453 1662 613 1734 serpens,
637 1641 810 1712 lacrimosi
830 1640 938 1722 risus,
960 1639 1096 1713 discors
1115 1661 1208 1745 ⁴¹qon-

126 1763 286 1845 sortium‚
320 1758 469 1832 infidelis
501 1783 635 1845 comes,
666 1778 779 1833 vorax
805 1761 922 1845 AEtun,
952 1736 1206 1833 clandestssum

125 1880 294 1968 dedecus,
318 1883 447 1954 rivales
468 1883 591 1975 ignoti,
613 1883 744 1955 coenosi
770 1882 990 1968 concubitus,
1017 1882 1134 1954 abdita
1160 1884 1209 1956 le·

127 2006 280 2103 bacinia,
307 2016 388 2098 pust
418 2017 554 2095 tergum
576 2005 742 2091 ludibria,
763 2004 891 2077 domus
914 2005 1046 2113 praedo,
1073 2007 1207 2077 occulta

127 2128 235 2210 mala
255 2136 470 2221 praepostera
486 2127 683 2233 obsequia
689 2128 890 2209 amicornm
897 2128 1020 2200 odiosa
1039 2128 1206 2220 repulsi0‚

127 2272 284 2344 expensa
310 2251 439 2322 eximia
472 2250 598 2359 inopiae
618 2268 780 2349 consors,
806 2249 1077 2333 inextimabile
1068 2234 1207 2379 ragneri,

129 2381 293 2443 terrestre
314 2372 548 2461 naufragium,
569 2371 655 2442 etin
674 2332 752 2453 line
773 2334 886 2442 ablata
894 2352 1011 2485 pace}
1011 2371 1207 2441 liswaeterna

129 2491 276 2561 Causam
293 2490 434 2575 audisti,
455 2512 519 2561 nec
535 2493 895 2583 caeteracomplector
911 2491 1056 2577 -Num
1075 2492 1134 2560 lex
1147 2489 1208 2560 Dei

131 2612 260 2684 sociam
293 2612 358 2684 turi
391 2634 459 2683 non
488 2594 667 2683 instituit?
692 2652 735 2665 -
755 2594 872 2707 Simul
899 2600 1208 2713 etconlinentiam

130 2733 294 2817 instituit
327 2753 368 2804 ac
400 2732 559 2806 coelibem
586 2734 712 2819 vitam,
734 2744 778 2805 et·
789 2740 891 2806 'extra
919 2735 1008 2805 bana
1039 2735 1209 2835 infernam

132 2832 261 2927 rabiem
289 2855 457 2952 singulari
489 2856 600 2948 gratia
634 2846 1211 2995 5P50ffi91V8¹⁰132⁸0spffff·-

132 2980 180 3052 lta
199 3003 296 3074 ergo,
317 2982 415 3053 illum
434 2982 548 3054 oderit
567 2983 663 3053 Deus
682 2982 742 3077 qui
764 3002 803 3055 se
809 2948 1040 3053 matrimonio
1065 2968 1211 3052 ct't'uiun·

131 3104 303 3172 xnritl-
318 3103 402 3175 Non.
414 3105 540 3187 oderit,
569 3105 645 3175 sed·
638 3125 738 3207 ·9uae
764 3103 929 3193 homines
946 3098 1104 3195 ambiunt
1132 3122 1211 3195 per-

133 3224 308 3295 mittit.-
323 3226 358 3296 Si
382 3226 456 3297 baec
476 3225 639 3297 omnibus
660 3196 951 3297 volunlaaesset'
955 3224 1212 3318 ffiriclitarclur

133 3343 357 3416 mundus-
356 3348 421 3418 Ne
443 3348 524 3419 time
539 3324 881 3449 obibancfflcausa'm
903 3346 1087 3461 periclitari
1110 3368 1211 3429 man·

131 3467 227 3539 dnm
254 3468 385 3540 Extant
408 3470 499 3541 enim
528 3472 690 3566 pellicum
712 3482 748 3542 et
767 3442 1040 3542 cuncubinarum
1063 3488 1209 3561 greges

132 3612 200 3663 non
234 3601 366 3663 tantum
393 3591 527 3682 iugales
553 3595 828 3691 frequentantes·
841 3601 951 3676 torm,
979 3578 1044 3667 sed
1067 3600 1104 3660 et
1129 3611 1213 3681 pon·

133 3712 261 3786 tificum
295 3712 396 3796 atria,
430 3712 653 3786 sacerdotnm
686 3713 826 3798 domos,
854 3712 1058 3787 clericorum
1086 3731 1210 3796 casas

132 3836 382 3907 monachorum
407 3820 571 3920 cellulas,
603 3837 638 3906 in
669 3835 736 3906 hoc
766 3856 963 3909 venereum·
992 3767 1210 3909 volutabrum

133 3979 259 4049 magno
277 3957 446 4035 discursu
464 3957 662 4051 libentium,
685 3959 816 4028 mutuis
841 3946 1057 4033 alternando
1072 3956 1210 4029 uicibus

132 4080 262 4171 passim
291 4080 493 4153 cohabitare
520 4104 564 4150 ne
580 4078 745 4152 -muudus
771 4078 912 4151 desinat
934 4080 1013 4173 (sic).
1039 4080 1211 4153 -RE'xul-
