2834 5086
593 299 745 347 nrrsrotu
769 300 852 347 xxti.
1197 289 1257 347 :toti

173 464 269 537 spem
291 465 332 516 ao
356 445 569 516 desiderium
601 464 834 536 supergressa
859 455 915 514 est
949 464 1061 535 usque
1086 444 1187 529 adeo,
1218 457 1257 516 ut

172 567 255 638 dum
278 590 340 659 pro
366 569 509 660 reliquis
535 569 667 659 gratias
689 587 802 657 agam,
824 586 932 637 uuum
956 565 991 634 in
1024 587 1066 637 ca
1092 567 1138 637 sit
1160 569 1255 659 quod

171 686 374 780 obstupeam
401 687 646 779 potiusquam
680 688 879 777 amplectar.
913 685 1013 770 Quod
1039 687 1131 758 enim
1167 689 1254 760 meis

172 808 293 879 usibus
316 805 557 900 applicandum
581 804 710 897 aliquid
729 803 800 875 lilio
821 817 919 898 pater
942 807 1076 898 eripiat,
1103 804 1196 877 absit
1219 821 1255 879 ut

172 931 292 1022 patiar.
313 926 514 1000 Plaudeuda
535 926 675 1020 quidem
702 927 768 998 ista
795 928 908 1020 magis
932 951 1037 1021 quam
1063 928 1254 1002 tolleranda

170 1050 379 1145 benignitas.
401 1048 470 1120 Sed
493 1052 567 1121 haec
591 1049 719 1121 atalia
744 1050 946 1142 propediem
982 1062 1102 1122 mutuo
1135 1072 1252 1122 coram

171 1194 331 1245 sermone
352 1171 591 1243 tractabimus.
612 1171 667 1241 Ad
688 1193 754 1242 vos
775 1173 867 1243 enim
891 1173 971 1242 hinc
992 1193 1169 1265 nunquam
1192 1172 1254 1244 de-

170 1296 264 1364 llexo
285 1294 419 1363 tramite
441 1303 477 1363 et
498 1315 555 1364 me
576 1315 674 1364 meus
698 1305 798 1384 urget
818 1295 970 1378 animae,
992 1304 1028 1364 et
1053 1295 1158 1365 trahit
1176 1296 1253 1366 exi-

172 1416 239 1486 mia
268 1415 396 1486 caritas
427 1417 512 1487 tanti
536 1414 615 1488 viri.
642 1417 687 1486 Et
712 1415 797 1507 quid
824 1418 956 1487 scimus
981 1436 1025 1485 an
1061 1415 1107 1486 ita
1131 1415 1250 1487 datum

171 1540 215 1610 sit
232 1549 277 1621 ut,
300 1537 356 1608 ubi
375 1515 470 1610 lilaro
484 1547 605 1608 noster
618 1538 798 1632 primitias,
812 1538 880 1609 illic
899 1559 966 1630 ego
984 1539 1150 1631 reliquias
1168 1539 1251 1610 vitae

169 1682 280 1751 agam,
301 1671 336 1731 et
355 1679 436 1752 quae
457 1660 552 1730 illum
573 1660 607 1730 iu
630 1659 929 1752 peregrinationes
952 1660 1067 1731 varias
1087 1661 1190 1745 misit,
1208 1683 1252 1733 ea

170 1782 289 1854 mede
311 1792 361 1852 tot
386 1782 722 1874 peregrinationibus
751 1783 954 1854 redeuntem
982 1805 1022 1854 ac
1049 1805 1156 1876 prope
1182 1787 1250 1857 iam

168 1905 300 1973 fessum
327 1902 509 1994 tranquilla
530 1902 670 1974 demurn
698 1906 847 1976 statione
876 1907 1046 1987 reloveat3
1074 1915 1251 1997 postremo

168 2046 250 2119 quae
264 2024 330 2096 sibi
344 2027 445 2097 tellus
465 2024 723 2112 incunabulum,
738 2026 822 2096 mihi
840 2025 997 2118 praebeat
1014 2027 1251 2124 sepulturam?

169 2146 293 2239 lgnara
314 2147 374 2218 lati
394 2147 522 2243 proprii
547 2169 645 2219 mens
672 2159 750 2218 est:
784 2147 860 2219 fieri
890 2160 1005 2240 potest
1033 2158 1071 2219 ut
1096 2167 1177 2241 quae
1201 2144 1250 2218 illi

113 2285 126 2304 ·
167 2271 326 2362 procula
346 2271 474 2362 patria,
496 2268 621 2342 eadem
642 2281 677 2341 et
697 2271 849 2342 llantuae
870 2292 923 2341 mc
941 2273 1007 2341 scio
1024 2269 1152 2342 duloem
1168 2272 1251 2341 miti

165 2392 241 2479 fecit
258 2395 395 2481 fortune
406 2391 604 2482 participem
620 2389 700 2483 (sic).
716 2391 806 2461 Sane
832 2389 877 2462 de
896 2393 951 2463 his
970 2402 1112 2484 totoque
1133 2414 1249 2465 rerum

168 2521 368 2583 nostrarum
395 2519 488 2580 statu
521 2511 685 2581 Fortuuae
714 2509 876 2581 dominus
908 2513 985 2583 ooeli
1008 2524 1172 2604 regnator
1198 2513 1250 2582 vi-

167 2637 268 2709 derit.
287 2636 375 2706 Volo
394 2634 486 2705 enim
509 2645 547 2705 ut
567 2633 738 2725 intelligas
767 2655 822 2703 me
846 2634 900 2704 his
926 2637 1103 2729 praecipue
1124 2635 1249 2707 diebus

169 2779 280 2830 sacrae
302 2755 598 2828 studiosissimum
622 2755 779 2826 lectionis
799 2756 935 2828 dixisse
954 2755 1112 2829 domino:
1134 2755 1246 2826 Dumi-

166 2903 229 2980 uus
251 2879 338 2950 Deus
357 2899 502 2949 meuses
524 2889 574 2963 tu,
600 2880 636 2946 iu
661 2879 811 2948 manibus
834 2882 897 2949 tuis
916 2889 1017 2948 sortes
1041 2900 1132 2949 mete.
1164 2879 1248 2951 Haec

165 3002 347 3072 hacteuus.
375 3001 548 3071 Caeterum
574 3021 683 3095 nepos
712 3011 794 3072 tuus
828 3011 978 3097 speratae
1013 3000 1248 3072 similitudinis

165 3122 309 3203 indoliS,
328 3124 565 3215 praeceptique
583 3123 632 3195 tui
654 3145 798 3209 memor,
820 3146 959 3218 semper·
976 3124 1104 3196 insistit
1125 3132 1162 3195 ut
1182 3123 1248 3194 sibi

165 3242 210 3314 de
236 3240 416 3333 scripturis
440 3245 528 3315 meis
553 3243 671 3316 nescio
695 3244 781 3337 quid
809 3247 928 3317 liceret
953 3266 1144 3340 excerpere
1170 3244 1249 3316 mit-

165 3365 307 3438 tendum
330 3360 401 3433 tibi.
426 3361 558 3455 Negavi
590 3387 668 3437 curn
693 3389 739 3437 ne
762 3368 921 3439 fervidus
941 3366 1145 3440 adolescens
1168 3387 1248 3458 pro-

165 3487 240 3580 prio
261 3484 376 3557 studio
396 3485 588 3558 distractus
608 3486 730 3559 alienis
748 3489 782 3560 in
801 3487 930 3560 linibus
948 3500 1150 3580 vagaretur,
1172 3500 1246 3559 turn

165 3619 203 3680 ut
226 3607 260 3678 id
286 3628 376 3678 onus
401 3605 521 3698 digitis
553 3607 620 3678 tuis
655 3622 856 3682 servaretur
880 3612 1069 3704 integrum,
1092 3632 1133 3682 ac
1152 3629 1246 3680 more

163 3730 366 3801 venantium
387 3729 525 3800 dulcius
549 3740 700 3824 saperet,
729 3732 823 3823 quod
850 3755 930 3804 curn
958 3731 1076 3804 labore
1095 3730 1246 3825 quaesis-

164 3869 239 3937 ses,
261 3861 296 3923 et
316 3852 425 3926 sudor
445 3863 527 3925 tuus
547 3864 707 3925 nostrum
728 3853 887 3926 condiret
905 3855 1092 3948 eloquium.
1111 3855 1206 3927 Vale.
