2670 4688
159 245 216 308 ιθιι
489 255 532 304 ns
551 253 653 302 usus
674 251 900 305 enumeramus

156 389 225 459 vim
242 388 353 470 llcxu,
372 386 435 459 sed
451 384 578 479 apricis
589 394 625 455 et
639 382 813 456 umbrosis
826 386 910 456 locis
927 407 1002 457 cam
1018 408 1058 456 ac
1074 385 1232 470 redeam,

155 509 262 592 itaut,
277 509 342 578 nisi
363 528 420 578 me
441 516 646 598 prospectus
665 516 702 574 et
720 506 888 600 strepitus
906 505 1033 577 ricinae
1052 505 1152 578 urbis
1170 510 1235 580 ad-

155 640 309 712 monent,
340 631 438 701 siluis
459 629 493 699 in
514 625 638 699 mediis
670 646 752 700 esse
783 628 868 699 mihi
899 628 1033 699 videar.
1064 631 1148 701 Haec
1176 657 1232 705 me

154 751 396 843 opportunitas
416 763 452 822 et
475 754 558 842 luga
583 747 762 822 hominum
788 772 836 820 ex
861 749 948 821 urbe
974 750 1142 823 detraxit:
1171 780 1233 829 nee

154 893 233 944 sum
255 875 391 946 teritus
412 897 457 947 ne
475 895 572 966 aegre
588 876 694 944 ferret
712 873 936 958 Ambrosius,
952 896 1033 946 eum
1050 876 1097 946 ab
1112 901 1156 951 eo
1173 904 1234 952 ne-

153 1017 330 1090 quaquam
361 1008 479 1071 mente
507 996 750 1079 discesserim,
782 995 878 1088 quod
910 996 956 1069 ad
987 1007 1122 1092 patrem
1155 1002 1232 1075 eius

152 1121 384 1193 atwsserim:
411 1121 462 1190 sie
484 1118 577 1189 enim
603 1117 824 1208 Augustinus
850 1130 955 1189 vocat
975 1121 1228 1214 Simplicianum

100 1270 110 1287 ·
152 1250 287 1335 putrem
306 1244 341 1313 in
358 1238 560 1332 accipienda
580 1239 692 1329 gratia
713 1237 890 1310 Ambrosii
911 1243 1079 1337 episcopi,
1098 1267 1163 1316 nec
1188 1245 1229 1317 ti-

151 1362 226 1433 mui
246 1384 292 1434 ne
309 1360 472 1434 dedecori
494 1358 578 1428 mihi
598 1368 694 1428 esset
712 1356 758 1428 ad
778 1358 872 1430 illius
891 1335 1035 1433 domurn
1052 1387 1117 1457 pro
1131 1367 1228 1458 quie·

152 1483 240 1555 tiore
260 1483 334 1556 rita
350 1500 510 1574 porgere,
532 1478 578 1550 ad
596 1501 701 1571 quem
724 1501 762 1552 se
783 1503 847 1577 pru
866 1483 951 1554 ritae
969 1487 1126 1557 consiliis
1149 1511 1229 1582 per-

151 1605 291 1674 rexisse
325 1601 418 1673 idem
462 1601 537 1693 ipse
575 1618 826 1676 commemorat
864 1604 1096 1698 Augustinus.
1137 1610 1230 1683 lllico

149 1732 266 1794 autem
287 1732 326 1794 nt
343 1723 399 1794 hic
419 1721 468 1794 lui
489 1723 573 1796 nibil
592 1724 771 1819 antiquius
791 1727 899 1799 habui
923 1751 1030 1823 quam
1055 1742 1094 1802 ut
1119 1734 1229 1805 sancti

147 1842 254 1916 huius
274 1842 457 1916 historiam
470 1845 678 1938 flagitarem,
697 1870 769 1921 uon
785 1852 941 1924 ultimam
959 1853 1229 1927 oblectationum

148 1974 246 2037 ratus
267 1966 352 2038 tanti
377 1965 526 2063 hospitis
552 1971 659 2042 vitam
685 1993 803 2044 nosse.
829 1973 992 2044 Oblatum
1017 1987 1074 2043 est
1099 1979 1183 2046 mihi
1208 2002 1229 2050 a

147 2078 327 2161 monachis
364 2110 494 2162 novum
531 2091 708 2184 quoddam
742 2091 941 2162 scholastici
973 2090 1091 2160 nescio
1124 2093 1226 2163 cuins

145 2213 371 2303 opusculum,
398 2212 476 2284 sine
507 2215 693 2304 gravitate,
728 2214 805 2282 sine
836 2214 967 2304 lepore,
992 2209 1068 2283 sine
1088 2213 1223 2298 ordine,

144 2335 318 2426 quamvis,
354 2347 392 2408 ut
423 2333 616 2425 intelligere
649 2342 735 2415 erat,
770 2343 948 2425 sumptum
968 2356 1014 2407 cx
1034 2335 1223 2428 Augustini

145 2456 439 2539 confessionibus,
460 2453 521 2527 ubi
546 2453 594 2525 illi
621 2453 753 2527 scilicet
773 2454 840 2526 viri
864 2453 972 2529 huius
993 2458 1122 2530 mentio
1141 2459 1226 2530 iuci-

144 2575 256 2650 derat.
278 2578 452 2653 Coeterum
471 2598 540 2650 non
562 2586 599 2648 ut
618 2575 681 2661 ibi,
709 2578 774 2651 sed
796 2578 900 2653 huius
922 2580 1004 2656 novi
1024 2582 1225 2653 litteratoris

144 2699 291 2775 arbitrio
309 2725 379 2777 non
400 2700 504 2775 modo
529 2699 688 2773 inornata
714 2701 778 2775 sed
802 2704 995 2776 deformata
1019 2717 1056 2775 et
1080 2706 1225 2776 contusa

143 2825 273 2899 omnia.
295 2827 447 2920 Stupens
465 2833 502 2896 et
518 2823 742 2896 stomachans
763 2823 887 2895 librum
910 2846 1013 2918 pono.
1034 2825 1120 2892 Nam
1141 2825 1226 2915 quid

143 2945 240 3019 aliud
272 2951 439 3041 agerem?
470 2948 658 3019 Transacta
683 2967 741 3016 res
768 2959 835 3018 ert:
863 2945 1002 3036 iamque
1029 2944 1107 3015 talis
1131 2949 1225 3038 apud

143 3069 276 3162 vulgus
296 3080 351 3142 est
369 3071 442 3143 vita
467 3068 679 3161 Simplicium
702 3070 807 3160 quale
832 3067 897 3140 suit
921 3064 1108 3139 scribentis
1128 3070 1224 3162 inge-

143 3190 257 3264 nium:
280 3193 345 3267 sed
364 3193 457 3287 apud
477 3192 592 3265 omnia
617 3189 793 3261 videntem
821 3190 924 3279 longe
949 3189 1026 3258 alia.
1057 3189 1153 3264 Unde
1173 3194 1223 3262 le·

143 3315 261 3402 gentis
281 3316 328 3387 nd
347 3315 547 3389 memoriam
568 3312 671 3386 rediit
690 3312 828 3385 litterati
851 3311 1045 3397 cuiusdam,
1069 3314 1218 3386 sednon

142 3452 248 3527 aeque
269 3437 351 3509 boni
372 3436 597 3522 vinidictam
619 3458 724 3508 unum
749 3436 812 3530 qui
833 3435 962 3508 aiebat:
987 3447 1119 3510 tantam
1140 3460 1221 3511 esse

143 3555 290 3644 gloriam
310 3572 507 3631 sanctorum
525 3568 657 3651 quanta
671 3570 769 3630 esset
784 3560 982 3651 eloquentia
1001 3560 1221 3652 scriptorum.

142 3673 361 3753 Venenatum
384 3683 486 3777 plane
518 3679 677 3764 verbum,
702 3679 783 3752 licet
813 3702 1004 3753 consonum
1032 3685 1084 3753 vel
1112 3692 1224 3775 poetae

144 3795 239 3871 dicto
261 3806 317 3875 vel
337 3804 502 3876 historici.
525 3804 667 3876 Flaccum
687 3802 863 3874 enimait:

428 3957 555 4023 Paulum
571 3959 695 4040 sepulte
711 3959 800 4026 distat
816 3959 934 4024 inertiae

427 4057 525 4124 Celata
543 4059 652 4125 virtus.
