2834 5086
166 664 223 724 tir.)
504 673 546 721 ur,
569 673 670 722 aeuus
691 672 913 723 rturutnuruus

165 819 360 899 emerserit,
383 815 475 908 qrrod
495 825 629 887 mutare
651 817 857 887 sententiam
876 829 994 909 cogat:
1012 819 1106 910 quod
1127 831 1248 895 nostra

166 954 268 1013 aetate
293 940 532 1032 quotidianum
559 937 647 1010 adeo
672 950 738 1021 est,
763 953 800 1010 ut
826 939 1017 1011 Psalmistae
1047 944 1083 1011 io
1111 962 1248 1013 carossa

168 1086 232 1134 suo
256 1062 385 1134 dictum
424 1065 529 1131 omnis
560 1062 655 1130 homo
680 1061 828 1132 menduc
854 1085 1031 1156 nunquam
1057 1065 1143 1135 alias
1177 1077 1246 1136 tam

168 1197 302 1259 certum
320 1196 458 1278 tamque
476 1194 688 1278 compertum
711 1186 834 1268 suerit;
853 1186 1011 1279 interque
1033 1196 1081 1256 tot
1102 1187 1247 1258 meudu-

168 1330 241 1390 ces,
269 1308 354 1401 quid
368 1309 490 1400 paucis
509 1331 592 1379 vera
613 1309 834 1400 loquentibus
861 1308 956 1379 credi
987 1307 1097 1400 possit
1117 1308 1248 1380 subdil-

169 1432 268 1502 hcilis
287 1432 484 1503 coniectura
503 1429 558 1499 sit.
580 1428 706 1499 Fecisti
728 1430 833 1517 igitur
854 1431 1004 1519 ingenue
1024 1432 1116 1524 quod
1138 1432 1247 1503 amico

169 1552 271 1626 hdem
299 1552 462 1622 habueris
484 1570 550 1619 non
572 1548 711 1618 fallenti.
733 1549 864 1641 Nempe
887 1550 915 1617 si
939 1550 1065 1642 indigis
1089 1552 1246 1624 manibus

169 1697 303 1746 vacuus
321 1684 354 1743 et
374 1672 484 1741 inanis
503 1668 672 1749 inveniar,
687 1668 830 1750 durum;
850 1671 912 1741 sed
931 1673 981 1742 sic
999 1683 1066 1754 est,
1082 1687 1116 1745 et
1137 1676 1248 1746 leren-

169 1798 252 1867 dum
267 1793 358 1886 quod
375 1791 499 1859 mutari
518 1789 645 1880 nequit.
661 1788 705 1858 Ut
720 1789 811 1858 euim
831 1812 867 1860 re
886 1791 1040 1885 intelligo
1057 1796 1163 1867 nihilo
1177 1817 1248 1866 me-

170 1918 233 1987 lior
252 1913 486 1984 oeconomicus
507 1933 610 2002 quam
629 1909 787 2002 politicus
809 1932 898 1981 sum.
918 1913 1042 1984 Omnia
1060 1915 1136 1987 haec
1157 1938 1247 1989 uuus

168 2034 363 2105 solitudinis
389 2054 429 2104 ac
454 2034 644 2103 litterarum
672 2053 769 2105 amor
798 2031 955 2118 abstulit,
983 2057 1048 2106 nec
1081 2037 1247 2131 deinceps

168 2155 324 2229 mutandi
345 2154 501 2226 habitum
523 2175 603 2246 spes
624 2165 688 2222 cst.
711 2154 798 2223 Nam
815 2155 881 2225 etsi
901 2177 1040 2251 sempor
1060 2156 1189 2249 aliquid
1212 2159 1244 2226 in

168 2282 244 2354 dies
265 2279 399 2353 discere
424 2275 557 2355 moliar,
586 2282 694 2344 artem
723 2285 838 2344 tamen
865 2295 1010 2366 prorsus
1037 2274 1244 2364 incognitam

169 2405 311 2499 aggredi
327 2423 443 2473 serum
462 2411 524 2469 cst.
543 2396 607 2464 Eat
623 2416 707 2482 ergo
726 2416 780 2463 res
798 2394 977 2463 familiaris
998 2405 1034 2462 ut
1053 2393 1148 2474 libet,
1170 2393 1244 2461 sive

170 2541 207 2600 ut
233 2535 355 2619 potest,
383 2518 484 2590 modo
508 2536 575 2606 ego
601 2518 733 2602 integer
763 2515 877 2584 nudus
907 2515 1066 2585 evadam.
1094 2516 1245 2605 Peregre

168 2645 307 2717 rediens
331 2642 575 2725 Anaxagoras,
603 2634 829 2726 desertasque
860 2637 1079 2730 conspiciens
1104 2657 1246 2732 posses-

168 2771 284 2842 siones
305 2781 403 2839 suas,
426 2753 508 2824 nihil
527 2754 653 2825 damno
678 2768 809 2828 motus:
833 2757 909 2827 Non
931 2782 1031 2829 essem
1051 2760 1163 2853 inquit
1181 2763 1246 2829 sol-

168 2914 228 2960 vus
245 2907 315 2976 epo,
337 2880 403 2948 uisi
418 2878 486 2944 isle
502 2878 687 2966 periissent.
706 2879 961 2973 philosophice,
980 2884 1149 2972 graviter,
1173 2904 1246 2952 ma·

169 3008 302 3106 gnifica.
315 2994 404 3083 Quid
422 3005 537 3067 autem
556 3002 661 3071 refert
679 3023 783 3093 quam
804 3024 910 3097 prope
925 3025 985 3074 seu
1002 3026 1105 3095 quam
1128 3003 1245 3094 procul

170 3137 250 3214 sim,
271 3125 351 3195 dum
379 3139 455 3187 mea
480 3118 690 3214 diripiuntur
707 3144 747 3192 ac
772 3127 941 3217 percunt‘?
962 3123 1153 3218 lmproprie
1170 3124 1248 3216 qui·

169 3258 246 3328 dem
264 3265 326 3315 uec
341 3248 396 3310 sat
410 3240 550 3310 Bianteo
568 3262 663 3312 more
678 3264 731 3311 me
747 3245 897 3313 locutum
918 3247 1041 3330 fateor,
1059 3267 1134 3317 mea
1153 3243 1244 3325 euim

168 3398 231 3452 nec
249 3364 349 3455 diripi
370 3371 518 3454 possunt
537 3384 601 3432 nec
621 3365 742 3454 perire.
762 3365 828 3435 Sed
853 3388 927 3436 mea
946 3367 1018 3438 dixi
1036 3389 1117 3460 quae
1138 3369 1245 3438 sortu-

168 3519 223 3574 nae
237 3496 328 3564 suut,
350 3483 443 3574 vulgi
460 3485 574 3576 potius
587 3505 740 3554 errorem
756 3487 790 3554 in
804 3488 991 3579 loquendo,
1006 3468 1244 3581 quam‘meum

169 3623 260 3692 certo
279 3602 443 3674 iudicium
467 3614 624 3675 secutus:
642 3606 790 3696 vulgare
808 3610 978 3680 sermonis
996 3612 1135 3681 malum.
1154 3608 1246 3693 Quid

169 3745 304 3828 inquam
325 3728 429 3794 relert
448 3725 530 3797 dum
559 3726 635 3797 haec
660 3738 807 3819 pereunt
833 3729 972 3800 ubinam
1000 3733 1081 3813 sim,
1105 3733 1133 3800 si
1157 3732 1247 3801 iuter

169 3871 279 3960 ipsum
298 3850 438 3921 thalami
459 3849 527 3921 mei
550 3852 672 3933 limen,
695 3854 745 3922 sic
764 3850 810 3922 ah
830 3854 922 3923 omni
950 3854 1107 3927 custodia
1128 3876 1245 3926 rerum

171 3973 382 4088 pereuntium
405 3972 609 4067 peregrinor
634 3975 735 4065 quasi
758 3988 850 4046 trans
878 3976 1008 4049 ludiarn
1034 3988 1248 4048 extremam·

172 4127 236 4206 que
249 4096 512 4188 Thaprobanem
527 4095 740 4168 habitarem‘.l
751 4100 846 4171 llauc
856 4103 1072 4177 occasionem
1085 4100 1175 4171 nacti
1188 4100 1248 4192 qui

172 4230 329 4309 dicuutur
350 4219 461 4300 servi,
484 4240 561 4289 cunr
586 4218 655 4289 siut
676 4219 796 4291 hostes
818 4222 1010 4315 asperrimi,
1037 4231 1072 4292 et
1093 4223 1167 4292 suis
1193 4218 1248 4291 usi

173 4339 359 4433 fraudibus
379 4350 415 4408 et
434 4342 595 4413 facilitate
615 4365 691 4412 mea
712 4342 831 4428 abusi,
859 4344 961 4436 impie
989 4355 1093 4436 atque
1118 4343 1249 4415 nelarie

175 4502 215 4555 e0
229 4486 282 4546 me
301 4478 368 4529 non
388 4462 591 4531 sentientem
615 4462 790 4552 redegere,
812 4474 847 4535 ut
863 4477 1092 4557 experrectus
1113 4463 1249 4558 pericu·
