2670 4688
484 693 660 760 EPISTOLA
682 697 704 757 1.

180 931 373 984 ruluclscus
394 933 561 983 cnsuadet
582 934 703 984 Populo
724 930 855 983 uouluo
876 932 902 981 S.
924 932 952 980 P.
973 933 1004 981 Ι).

59 1147 192 1203 Hortatur
213 1154 245 1203 ut
267 1147 378 1226 Nicolao
411 1148 552 1204 Laurentii
577 1148 607 1203 in
635 1148 744 1204 vincula
772 1149 894 1204 coniecto
927 1164 1009 1220 opem
1039 1147 1127 1215 ierat,

163 1236 277 1306 eiusque
303 1252 415 1291 causam
439 1236 535 1291 Romae
556 1234 776 1307 cognoscendam
797 1241 892 1291 avocet
915 1251 931 1290 a
955 1235 1032 1292 curia
1056 1236 1129 1291 Ave·

163 1340 297 1379 monensi.

156 1725 259 1816 Apud
283 1723 498 1816 tequidem,
530 1722 757 1795 invictissime
781 1722 998 1817 domitorque
1023 1733 1131 1796 terra-

59 1870 135 1918 rum
168 1848 296 1942 Populo
334 1867 447 1929 meus,
481 1846 573 1939 apud
598 1858 631 1918 tc
659 1849 747 1919 clam
774 1847 892 1939 paucis
927 1868 984 1918 res
1004 1868 1130 1938 magna

59 1969 236 2041 tractanda
265 1985 329 2042 est.
357 1968 538 2042 Advortite
562 1961 712 2052 animos
744 1990 866 2062 qoaeso
905 1967 1131 2063 obtestorque

57 2114 135 2176 vos,
154 2092 219 2164 viri
237 2093 431 2164 clarissimi.
448 2093 572 2165 Vestra
585 2114 642 2164 res
663 2093 791 2185 agitur,
814 2114 953 2185 magna,
974 2092 1127 2185 inquam,

56 2237 121 2286 nco
141 2218 252 2286 solum
275 2238 414 2307 magua,
447 2215 511 2285 sed
535 2215 703 2297 maxima,
735 2225 771 2286 et
790 2214 844 2286 cui
863 2215 895 2286 in
915 2214 1017 2286 terris
1038 2216 1131 2286 nulla

18 2420 21 2425 Ι
56 2358 121 2429 par
136 2357 216 2407 csse
242 2349 366 2430 potest.
388 2335 484 2407 Neve
504 2336 648 2407 forsitan
670 2335 800 2407 sciendi
825 2339 948 2411 avidos
969 2349 1132 2429 expecta·

59 2458 151 2528 tione
170 2455 365 2541 conficiam,
397 2468 456 2528 aut
482 2479 556 2528 rem
584 2469 706 2548 suapte
735 2469 860 2529 natura
880 2458 1130 2550 permaximam

57 2579 148 2650 nitar
176 2578 294 2650 verbis
327 2601 474 2671 augere:
506 2577 764 2674 praefationibus
790 2578 929 2649 omissis
957 2579 1003 2651 ad
1019 2577 1129 2671 ipsam

59 2723 131 2773 rem
151 2702 264 2773 venio.
284 2702 456 2774 Tribunus
482 2702 561 2774 olim
589 2710 723 2784 vester,
751 2723 844 2772 nunc
872 2701 1030 2795 captivus
1048 2702 1131 2773 alie-

57 2846 124 2896 nus
143 2825 220 2920 (ohl
242 2825 339 2898 triste
357 2825 614 2919 spectaculum),
633 2847 696 2896 ceu
715 2826 770 2897 lur
786 2833 975 2896 nocturnus
992 2834 1053 2896 aut
1069 2844 1130 2918 pa-

61 2951 135 3019 triae
155 2948 321 3042 proditor,
342 2971 389 3020 ex
421 2951 570 3022 vinculis
602 2970 743 3021 causam
765 2948 863 3031 dicit,
891 2957 927 3020 et
946 2967 1026 3041 quae
1046 2948 1131 3020 nulli
1193 2932 1199 2940 ⁰

59 3093 210 3163 unquam
234 3072 403 3164 sacrilego
421 3081 592 3165 praerepta
605 3083 674 3157 est,
693 3072 784 3165 apud
802 3072 935 3144 iudices
952 3070 1048 3143 orbis
1063 3083 1131 3142 ter-

58 3214 188 3276 rarum,
211 3204 246 3264 et
266 3193 406 3264 iustitiae
426 3193 610 3285 magistros
631 3193 733 3265 iustae
759 3195 823 3265 sibi
850 3193 1060 3267 defensionis
1080 3195 1131 3264 fa·

59 3316 170 3387 cultas
188 3315 341 3409 eripitur.
364 3318 428 3387 list
447 3317 504 3389 ille
525 3321 613 3389 forte
633 3339 700 3389 non
721 3295 885 3409 indignus
911 3319 988 3389 haec
1007 3339 1131 3410 porpe-

62 3439 101 3523 ti,
117 3436 175 3530 qui
197 3437 229 3505 iu
250 3457 314 3508 suo
327 3438 465 3530 ingenio
486 3440 640 3533 suisque,
660 3449 698 3511 ut
718 3439 765 3513 ita
784 3440 944 3526 dixerim,
968 3440 1128 3536 manibus

59 3565 244 3656 plantatam
266 3570 302 3633 et
326 3563 393 3632 iam
415 3563 602 3634 radicatam
616 3563 864 3657 florentemque
884 3563 1130 3658 rempublicam

60 3685 93 3756 in
114 3685 190 3778 ipso
210 3685 452 3777 gloriosissimi
473 3707 659 3759 successus
690 3687 774 3759 flore
799 3686 966 3758 destituit.
1001 3683 1046 3758 At
1067 3687 1131 3756 mi·

60 3807 151 3878 nime
172 3805 276 3900 digna
297 3819 352 3879 est
372 3808 496 3892 Roma,
515 3810 614 3882 cuius
636 3810 714 3881 olim
736 3809 833 3881 cives
852 3812 929 3903 lege
950 3809 1130 3883 inviolabi-

61 3925 110 3994 les
131 3939 165 3999 ct
185 3928 353 4022 supplicio
369 3931 534 4022 exempti,
556 3953 649 4002 nunc
670 3951 738 4004 uon
769 3932 875 4003 modo
892 3931 967 4006 sine
988 3933 1128 4005 sceleris

60 4044 211 4136 infamia,
235 4053 296 4125 sed
318 4055 424 4127 multa
444 4075 582 4147 qnoque
605 4075 683 4127 cum
710 4054 812 4128 laudo
834 4056 972 4129 virtutis
998 4056 1127 4150 passim
