2670 4688
195 306 251 367 158
527 318 568 366 ns
590 316 691 366 rrunns
713 316 934 367 rnirrnrnnrnus

193 463 278 534 lacis
299 482 340 534 oc
360 461 498 553 gemino
511 463 588 532 iure
605 472 680 545 tuo,
699 461 924 556 professionis
939 472 1010 532 tuse
1023 461 1171 546 scilicet,
1186 463 1281 533 nmi-

191 586 353 678 citiaeque
365 593 505 656 nostroe.
523 584 651 655 Verum
667 586 783 656 hercle
797 583 978 656 medicinae
994 605 1062 668 am,
1082 587 1150 655 etsi
1167 587 1278 657 soluti

193 707 453 802 praeservandae
487 705 690 798 morbisque
724 706 917 778 minoribns
943 706 1073 799 aliquid
1099 709 1276 792 conferat,

194 840 308 902 tamen
343 828 400 902 ubi
430 831 476 900 ad
506 839 667 900 extrema
700 839 909 923 perventum
941 839 1008 914 est,
1049 830 1141 902 illico
1179 841 1277 902 metu

194 953 364 1025 subsistit.
393 955 480 1025 Hinc
509 954 565 1024 illa
587 950 800 1024 medicorum
826 954 908 1043 lugo
934 951 1205 1045 desperatioque
1230 955 1278 1026 de

193 1075 300 1148 rebus
320 1077 564 1167 aegrotuutium
586 1075 749 1147 humanae
771 1077 826 1147 vel
844 1075 992 1146 inscitiae
1011 1060 1067 1146 vel
1094 1075 1276 1148 imbecilli-

194 1199 275 1270 tatis
295 1197 477 1270 inditium:
499 1220 570 1291 quo
593 1219 774 1269 monemur
796 1196 930 1268 medion
943 1197 990 1267 illi
1005 1197 1068 1267 soli
1083 1196 1196 1269 liderc
1216 1200 1276 1292 qui

193 1338 310 1410 egros
331 1342 416 1392 suos
436 1341 505 1390 non
524 1320 656 1392 descrit
673 1321 707 1389 in
729 1319 916 1402 extremis,
944 1317 1080 1414 dequo
1105 1320 1275 1414 scriptum

194 1454 269 1514 cst:
292 1443 385 1512 Etsi
403 1445 615 1512 ambulavero
629 1445 664 1512 in
678 1440 783 1512 medio
797 1443 922 1512 rrmdroe
938 1441 1052 1512 mortis
1069 1463 1138 1510 non
1159 1444 1277 1514 timebo

195 1566 296 1645 mulo,
318 1564 476 1651 quonium
489 1572 526 1631 tc
544 1585 670 1634 mecum
691 1588 734 1635 es.
749 1564 818 1636 ot!
836 1575 1012 1658 potentem
1025 1564 1204 1636 medicum
1217 1567 1278 1658 qui

195 1682 317 1753 mortis
338 1682 494 1754 umbram
528 1683 670 1758 discutit
700 1689 773 1759 solo
807 1708 917 1759 sacrae
950 1688 1030 1759 Sole
1063 1690 1276 1780 praesentiae,

194 1827 346 1898 eumque
364 1826 444 1878 cum
463 1827 534 1900 quo
555 1809 658 1880 luerit
679 1813 804 1881 timere
830 1810 963 1903 aliquid
989 1832 1058 1880 non
1085 1808 1192 1881 sinit:
1221 1811 1277 1903 qui

194 1928 315 2001 verbis
336 1939 436 2001 curat
463 1940 499 2001 et
521 1953 590 2002 non
624 1932 753 2016 herbis,
788 1953 902 2024 neque
935 1947 1034 2003 curat
1066 1931 1183 2015 modo,
1217 1934 1279 2005 sed

196 2052 354 2123 suscitat.
376 2051 451 2123 Nou
471 2064 527 2124 est
546 2054 638 2123 enim
659 2054 796 2123 illorum
818 2076 909 2124 unus
930 2053 1125 2145 dequibus
1156 2056 1282 2127 scribi-

198 2180 270 2242 tur:
294 2170 463 2262 Numquid
481 2176 619 2241 mortuis
634 2176 734 2260 socier
754 2176 921 2244 mirabilia
933 2187 991 2244 ortt
1011 2174 1131 2244 medici
1141 2180 1283 2249 crocita-

199 2294 301 2363 lmnt?
323 2294 385 2365 sed
407 2293 530 2365 illeest
548 2316 638 2365 unus
660 2294 870 2380 altissimus,
893 2299 951 2389 qui
971 2298 1106 2368 creavit
1122 2297 1170 2369 de
1183 2310 1280 2373 term

197 2414 405 2488 medicinam
429 2416 517 2489 hanc
537 2418 572 2489 in
593 2438 682 2490 usus
703 2416 898 2505 hominum,
928 2421 1064 2513 sibique
1090 2422 1196 2493 uliam
1228 2444 1285 2497 re·

196 2540 353 2612 servavit
371 2540 573 2625 increatam,
592 2552 628 2613 et
643 2542 773 2614 divinae
799 2565 874 2616 suae
903 2542 1110 2617 substantie
1133 2554 1286 2619 coaeter·

196 2686 293 2747 nam,
316 2685 384 2756 qua
406 2673 441 2735 et
459 2665 730 2757 quatriduanum
758 2669 935 2738 loetentem
963 2663 1008 2735 ob
1033 2667 1153 2737 inieris
1169 2671 1287 2742 susci-

197 2792 302 2863 taret,
325 2795 360 2852 ct
386 2784 575 2854 humanum
603 2808 716 2876 genus
742 2785 788 2855 ab
812 2793 945 2854 aetcrna
972 2797 1083 2857 morte
1109 2800 1285 2861 servaret.

199 2902 396 2972 Amicitiam
423 2924 508 2974 sane
533 2906 660 2995 ingens
684 2907 769 2975 vitae
794 2906 988 2997 mortisque
1015 2907 1178 2979 solatium
1212 2931 1285 2983 non

200 3045 304 3115 nego,
327 3032 432 3114 utque
453 3023 536 3093 illud
557 3024 687 3097 absens
698 3046 939 3120 praesensquc
961 3050 1027 3098 non
1048 3050 1195 3122 respuo,
1218 3035 1285 3103 sed

199 3147 409 3237 amplector;
431 3155 467 3215 et
489 3145 569 3216 licet
598 3145 753 3238 undique
782 3148 930 3239 placeas,
953 3152 1130 3243 aliquanto
1163 3165 1285 3227 tamen

200 3268 337 3340 dulcius
359 3277 393 3337 tc
416 3277 456 3339 ut
478 3269 589 3338 amico
617 3269 714 3339 lruor
738 3292 842 3362 quam
872 3283 910 3343 ut
942 3273 1086 3356 medico,
1129 3274 1287 3349 Proinde

201 3414 270 3462 non
291 3402 362 3462 tam
385 3390 535 3483 periculo
555 3412 633 3463 meo
659 3414 762 3484 quam
789 3393 963 3467 desiderio
991 3406 1050 3467 tuo
1074 3400 1286 3485 consulens,

203 3535 317 3607 neque
340 3523 409 3583 tam
431 3512 602 3583 medicum
623 3514 782 3606 cogitans
802 3538 907 3608 quam
934 3521 1100 3602 amicum,
1129 3520 1289 3613 cupidis-

204 3637 291 3708 sime
310 3656 404 3709 nunc
421 3635 561 3707 vocanti
582 3634 811 3729 obsequerer,
827 3640 893 3710 nisi
910 3652 946 3712 et
961 3663 1129 3734 corporeo
1148 3654 1186 3712 et
1205 3645 1289 3717 eliis

204 3758 457 3849 impedimentis
484 3759 576 3830 millo
603 3759 806 3843 retrahercr,
829 3772 865 3833 et
885 3765 1041 3833 venirem
1073 3776 1105 3836 te
1135 3765 1289 3840 visurus

205 3858 367 3970 tuumque
381 3883 598 3956 solitudinem
614 3881 699 3952 milri
713 3903 851 3974 sempor
864 3894 1019 3978 optatum
1033 3888 1290 3982 laudatumque

204 4012 341 4094 portum
356 4005 453 4090 vitm,
466 4031 534 4079 non
548 4016 695 4078 mortem
710 4003 886 4096 fugiturus
906 4026 1040 4076 memor
1058 4019 1094 4078 ut
1116 4031 1230 4102 nuper
1250 4024 1289 4085 et

205 4125 301 4209 olim,
322 4127 414 4216 quod
440 4137 495 4198 cst
519 4128 612 4223 apud
633 4139 787 4222 poetam,
819 4127 933 4200 acrias
960 4127 1065 4219 Alpes
1093 4141 1130 4203 ct
1157 4133 1288 4209 Norico
