2834 5086
182 672 201 732 8
529 680 572 733 ott
591 681 694 735 astus
715 682 938 735 tdlttttulttts

181 835 289 909 supra
311 833 348 888 se
369 816 501 902 vident,
517 817 621 913 iuque
634 818 730 914 ipsus
742 820 878 895 auimus
888 820 1025 895 metitus
1039 818 1140 891 nohis
1152 821 1263 907 detes,

180 936 291 1035 pudet
311 938 425 1025 fateri,
444 941 547 1013 etium
575 941 728 1017 rutilanti
748 946 932 1039 imperium
952 954 1007 1016 est
1031 944 1180 1014 metallo.
1194 946 1266 1016 Hoc

181 1080 286 1153 rugos
308 1058 391 1152 ligat
409 1073 515 1158 utque
535 1061 732 1159 pontifices,
754 1065 820 1137 hoc
841 1065 1012 1146 homiues,
1030 1059 1080 1149 et',
1099 1076 1138 1135 ut
1159 1067 1264 1149 aiunt,

180 1185 287 1259 etiam
309 1182 403 1277 ipsos
420 1186 513 1259 Deus
532 1189 654 1283 placat.
681 1188 752 1259 Nec
777 1186 967 1280 quidquam
994 1185 1266 1280 inexpugnabile

182 1308 474 1403 inaccessumque
492 1332 580 1384 uum
599 1319 665 1382 est.
684 1307 785 1395 Quod
803 1310 918 1381 sciens
936 1308 1075 1402 Iupiter,
1095 1319 1134 1380 ut
1149 1320 1268 1384 custo-

181 1429 265 1503 ditm
285 1428 442 1504 mulieris
459 1430 657 1527 pudicitiam
678 1441 842 1524 rapturus
860 1431 992 1502 terreas
1012 1442 1131 1529 portas
1151 1432 1268 1528 effriu7

181 1562 294 1647 geret,
317 1552 353 1623 iu
370 1552 517 1627 imbrem
537 1575 683 1626 aureum
705 1573 783 1624 sese
803 1551 917 1623 vertit.
937 1553 1010 1625 Tali
1028 1540 1101 1627 Deo
1120 1555 1266 1648 dignum

181 1696 282 1771 opus.
296 1676 393 1747 Deus
406 1689 522 1750 autem
542 1689 681 1762 uoster,
702 1673 874 1768 quidquid
895 1675 950 1745 sui
963 1687 1070 1767 agant
1084 1700 1267 1751 successe

183 1820 250 1882 res,
265 1796 463 1893 pudicitiam
472 1811 576 1884 amat,
586 1820 708 1873 eurum
717 1797 860 1889 speruit,
868 1797 1052 1870 avaritiam
1059 1796 1265 1873 detestatur.

183 1922 272 2013 Opto
295 1921 356 1996 tibi
377 1923 613 1997 valetudinem
634 1921 878 1992 inconcussam
896 1920 1023 1994 mentis
1043 1930 1080 1993 et
1099 1925 1265 2017 corporis.

689 2188 767 2199 ——

558 2495 566 2512 ,
609 2440 787 2508 EPISTOLA
808 2445 840 2507 11.

203 2592 397 2662 rursusque
414 2605 582 2658 arrarum
599 2606 696 2655 aram
714 2607 869 2658 uceruuc
887 2608 1110 2658 roaourvmrrsr
1126 2611 1151 2659 s.
1170 2610 1198 2659 r.
1216 2610 1246 2658 u.

183 2762 223 2816 De
244 2763 335 2817 Caroli
352 2761 391 2816 IV
408 2756 585 2830 imperatoris
603 2757 680 2812 abitu
698 2766 725 2815 et
747 2760 890 2815 nonnullis
913 2777 975 2832 quae
1000 2722 1078 2816 illum
1103 2759 1265 2832 respiciunt.

256 2853 318 2918 Qua
340 2848 511 2906 humanitate
535 2844 641 2901 abillo
666 2854 693 2904 et
717 2866 733 2904 a
758 2848 898 2904 Cardinali
924 2849 1026 2922 Legato
1054 2848 1138 2904 fuerit
1164 2847 1266 2903 Laeiius

256 2943 397 3012 exceptus.

282 3156 442 3228 Nondum
465 3155 636 3247 superiori
655 3157 813 3248 epistolae
839 3159 977 3246 siguum
1004 3156 1264 3248 impresseram,

181 3280 265 3352 dum
285 3298 368 3348 ecce
387 3277 454 3349 alia
474 3279 727 3370 superveniens
747 3280 870 3369 coegit,
889 3285 928 3348 ut
943 3277 1058 3370 posito
1071 3277 1190 3359 anulo,
1205 3276 1268 3348 de-

181 3400 336 3496 positum
362 3400 537 3471 calamum
559 3421 682 3471 rursus
708 3402 916 3495 arriperem,
951 3407 987 3469 et
1010 3398 1175 3489 quamvis
1204 3408 1264 3470 tua

180 3523 260 3594 haec
295 3523 475 3616 superiore
510 3521 555 3593 sit
580 3523 733 3613 longior,
769 3539 938 3615 responso
967 3531 1083 3591 temen
1113 3519 1266 3592 breviori

184 3624 346 3717 contenta
368 3646 444 3716 erit.
466 3645 554 3716 Nam
575 3664 640 3714 uec
660 3644 716 3715 cui
736 3643 847 3714 nostri
867 3643 1043 3734 quereiam
1062 3643 1191 3716 iterare
1211 3653 1265 3713 est

182 3789 339 3854 necesse,
361 3789 466 3860 quem
484 3780 520 3839 et
538 3766 661 3838 tacitus
679 3767 802 3859 loquor
822 3777 857 3837 et
878 3766 951 3858 ipsa
970 3789 1027 3836 res
1048 3769 1181 3849 clamat,
1201 3788 1266 3837 nec

180 3891 374 3984 quidquam
408 3888 583 3983 prohibet,
612 3887 708 3981 quod
733 3887 768 3958 iu
792 3889 850 3960 ilia
884 3887 1060 3976 dixeram,
1096 3888 1142 3960 ed
1176 3890 1266 3958 hanc

182 4014 378 4084 transferri.
399 4011 520 4105 Neque
536 4012 627 4082 enim
647 4019 707 4081 aut
724 4011 834 4082 minor
850 4020 904 4082 est
924 4010 1028 4082 hodie
1047 4010 1146 4081 doior
1166 4029 1266 4079 meus

180 4155 285 4226 quam
308 4133 383 4204 heri
404 4142 441 4207 et
458 4133 589 4205 nudius
611 4133 736 4204 tertius
761 4135 842 4218 fuit,
867 4155 979 4227 neque
1002 4132 1120 4202 minus
1139 4129 1265 4200 efficax

180 4255 339 4348 epistolae
351 4265 421 4328 tum
434 4255 615 4328 hodierum
628 4257 790 4328 solatium
803 4277 909 4350 quam
924 4255 1110 4324 hesternae.
1122 4251 1265 4325 Accedit

180 4379 274 4470 quod
286 4399 399 4473 neque
410 4377 456 4450 de
470 4378 526 4450 his
536 4380 823 4473 quenovissime
837 4376 1008 4468 scripsisti
1021 4373 1264 4468 eusimaperte

181 4502 407 4593 pronuntiare
440 4502 536 4596 quod
561 4505 688 4587 sentio,
716 4521 832 4592 neque
857 4507 896 4569 tu
926 4494 1006 4569 ideo
1039 4478 1155 4570 miuus
1178 4496 1264 4591 quid
