2670 4688
440 269 441 273 ¹
503 265 653 312 uuisioni
676 263 770 312 rxxu.
1116 243 1174 305 385

105 415 140 476 ot
164 404 375 478 crudelitatis
398 418 434 477 et
459 408 651 478 insolentiae
678 407 843 501 supplicia
868 402 1100 483 debebantur,
1129 399 1173 472 de

107 541 138 598 to
155 549 293 622 quoque
310 528 441 622 duplex
459 529 622 620 gaudium
644 541 678 600 et
698 528 868 620 geminam
888 529 976 598 ultro
993 525 1172 598 victoriam

104 653 345 722 concessisse?
368 651 437 724 Oh!
462 653 617 723 mortalia
637 662 775 746 pectora
796 651 830 720 in
846 650 1014 722 extremis
1035 670 1172 742 semper

104 798 198 846 coeca
219 774 376 847 casibus!
396 774 524 846 Audita
544 776 693 866 primum
715 784 826 846 morte
843 773 903 844 filii
919 781 1173 867 conspectoque

104 897 291 981 cadavere,
312 896 407 988 quod
432 895 655 967 humanitatis
681 896 861 966 immemor
888 894 1022 966 hostilis
1045 893 1097 962 ira
1120 891 1173 962 di-

104 1031 310 1113 scerpserat,
324 1042 401 1090 oum
417 1031 452 1089 et
463 1020 553 1091 lerro
571 1040 695 1112 posses
715 1020 846 1102 ulcisci,
863 1027 898 1088 et
914 1018 1019 1089 animi
1036 1013 1172 1086 viribus

103 1166 247 1233 gravem
269 1146 358 1213 serre
384 1146 568 1224 fortunam,
596 1145 665 1213 lato
692 1139 918 1213 succumbere
949 1139 1110 1219 maluisti,
1137 1149 1173 1210 et

104 1276 136 1334 to
157 1264 356 1336 exitialibus
377 1275 480 1357 atque
503 1265 685 1337 mortiferis
707 1267 799 1336 ultus
819 1264 1053 1336 eslaorimis:
1075 1284 1172 1333 cum-

101 1412 169 1480 que
191 1388 345 1459 virorum
368 1389 538 1479 exemplis
565 1388 758 1472 illustrium,
781 1408 860 1480 qum
882 1386 988 1480 probe
1009 1406 1168 1469 noveras,

102 1511 315 1581 revocareris
336 1512 380 1582 ad
400 1512 506 1582 vitam
527 1522 561 1582 et
582 1510 626 1582 ad
648 1533 758 1604 spem,
779 1509 995 1602 desperatam
1018 1511 1051 1579 in
1077 1528 1170 1580 mor-

102 1643 169 1703 tem
190 1635 308 1705 nescio
329 1657 397 1727 qua
417 1634 512 1704 ferali
540 1633 722 1705 dulcedine
743 1645 864 1726 raptus
888 1653 938 1705 es.
965 1632 1087 1704 Nonne
1108 1655 1170 1704 au·

101 1764 178 1838 tem,
200 1777 332 1847 quaeso,
355 1758 466 1826 luctus
488 1755 753 1828 inconsolabiles
774 1756 908 1850 paranti
928 1755 987 1827 tibi
1009 1776 1171 1826 occurre·

99 1878 158 1948 bat
170 1880 407 1970 Anaxagoras
424 1882 484 1972 qui
499 1878 557 1949 filii
572 1892 717 1952 mortem
733 1880 923 1964 nuncianti,
939 1883 1030 1964 nibil,
1047 1878 1167 1972 inquit,

101 2002 274 2093 inopinum
291 2025 430 2072 narres:
452 2023 524 2071 cunr
548 2006 635 2073 enim
663 2006 731 2097 ipse
757 2007 904 2074 mortalis
931 2005 1004 2089 sim,
1031 2003 1169 2072 sciebam

98 2146 145 2192 aar
165 2127 376 2215 irrependum
394 2147 460 2195 esse
474 2116 673 2196 lrortolem?
692 2128 812 2199 Nonne
829 2126 1023 2218 Xenophon
1042 2125 1077 2194 in
1095 2121 1170 2195 ani-

99 2269 191 2317 mum
214 2247 324 2332 venit,
347 2247 403 2318 cui
424 2271 502 2319 eum
524 2248 729 2321 sacrificanti
750 2249 973 2344 primogeniti
994 2269 1088 2319 mors
1108 2244 1169 2317 filii

97 2372 258 2441 nunciata
284 2379 391 2451 esset,
420 2393 532 2462 nequo
557 2386 706 2465 coeptum
735 2373 942 2445 sacrificium
968 2370 1167 2454 intermisit,

97 2514 210 2581 neque
241 2490 423 2562 succubuit
456 2493 617 2575 fortunae,
654 2494 715 2565 sed
746 2516 889 2588 corpore
918 2472 1023 2586 atque
1054 2494 1169 2564 animo

98 2612 225 2682 mansit
251 2612 449 2696 immobilis,
476 2633 602 2685 corona
626 2615 809 2686 dumtaxat
834 2639 939 2708 quam
972 2617 1074 2709 capiti
1108 2638 1170 2708 ge-

98 2733 214 2806 stabat
233 2732 403 2828 deposita,
427 2758 470 2805 ne
492 2746 624 2808 tanturn
644 2740 774 2808 vulnus
801 2759 868 2808 non
897 2738 1051 2808 sensisse
1071 2737 1171 2808 vide-

49 2925 51 2929 ,
98 2870 205 2929 retur:
228 2880 380 2951 moxque
405 2881 483 2930 cum
510 2862 637 2952 gaudio
664 2861 829 2957 reposita,
859 2858 916 2932 ubi
943 2861 1076 2953 accepit
1101 2862 1169 2932 lor-

98 2981 176 3051 titer
195 2980 416 3053 dimicantem
436 2979 544 3055 filium
562 2983 781 3067 occubuisse,
801 2986 893 3058 Deos
912 2995 1019 3057 testes
1039 2985 1168 3056 faciens

97 3106 175 3197 plus
197 3127 235 3175 se
257 3105 385 3176 virtute
414 3104 473 3174 lilii
505 3107 684 3191 delectari,
714 3131 819 3201 quam
850 3120 960 3180 morte
992 3108 1169 3203 torqueri?

97 3226 216 3296 Nonne
241 3229 331 3297 unici
358 3226 415 3297 lilii
441 3230 593 3300 dolorem
621 3232 841 3304 immodicum
868 3232 1042 3325 castigare
1067 3232 1168 3304 visus

96 3362 151 3421 est
166 3352 329 3436 Pericles,
348 3352 408 3443 qui
428 3351 565 3424 duobus
584 3356 687 3426 simul
706 3356 895 3428 rarissimae
917 3357 1041 3429 indolis
1063 3355 1169 3428 amis·

97 3475 145 3545 sis
174 3471 265 3560 filiis,
288 3496 401 3567 neque
429 3498 589 3547 coronam
611 3478 786 3574 deposuit,
809 3503 921 3573 neque
943 3478 1167 3553 concionibus

95 3596 277 3680 abstinuit,
305 3619 417 3690 neque
444 3601 548 3670 ullum
577 3602 713 3695 penitus
738 3615 797 3674 aut
823 3605 857 3674 in
877 3603 1014 3684 verbis,
1047 3600 1167 3670 autin

95 3723 193 3792 vultu
216 3723 336 3792 mutati
358 3722 460 3793 animi
489 3724 625 3816 signum
647 3724 764 3798 dedit?
784 3728 827 3799 Et
848 3728 876 3796 si
902 3727 1091 3816 longinqua
1113 3745 1168 3793 re-

96 3847 228 3937 spicere
251 3867 349 3916 mens
372 3847 551 3920 lacrimosa
572 3872 640 3922 non
662 3862 805 3944 poterat,
829 3871 942 3920 nonne
964 3846 1032 3916 sub
1056 3846 1165 3916 oculis

95 3977 194 4039 erant
216 3991 369 4041 romanae
388 3972 526 4042 virtutis
544 3978 703 4069 exempla
726 3973 927 4044 rarissima?
944 3972 1064 4043 Nonne
1085 3971 1167 4042 ade·

42 4112 45 4120 ·
97 4101 149 4163 rat
171 4092 307 4166 Marcus
333 4092 415 4168 Cato
441 4116 551 4167 sonex
579 4097 633 4170 ille
659 4096 929 4179 famosissimus,
959 4094 1058 4165 ouius
1087 4116 1166 4166 curn

221 4224 254 4263 ru.
980 4213 1010 4263 ¹23
