2670 4688
293 301 385 351 ursan
407 299 571 350 vicesimus
593 298 983 349 saturnus-erismae
1004 298 1057 346 vu.
1158 285 1218 348 lat

63 441 66 445 ’
141 468 190 530 re,
202 467 298 516 meas
310 444 372 516 tibi
382 444 581 515 notissimas
593 443 730 534 vigilias
745 456 804 514 tuo
814 442 887 533 iugi
897 464 937 514 uc
952 442 1118 535 languido
1126 464 1218 514 mor·

141 569 236 660 tique
253 567 427 639 simillimo
451 587 587 658 sopore,
611 587 728 637 meum
753 575 789 636 et
815 564 1006 636 amicorum
1030 568 1163 638 cultum
1184 576 1219 636 at

140 690 368 763 amicitiarum
389 689 497 760 fidum
518 710 559 759 ac
579 709 731 780 perenne
753 686 906 757 studium
928 688 1045 779 inepto
1067 688 1157 769 risu,
1184 694 1220 759 at

140 821 338 906 contemptu
353 811 545 892 bominum,
560 831 650 902 quos
668 809 790 881 videro
805 809 863 880 vel
884 808 1004 880 audire
1022 832 1092 881 non
1109 830 1149 879 es
1166 808 1220 879 di·

141 957 241 1028 guus,
255 933 409 1026 denique
420 944 589 1012 naturam,
607 931 722 1016 vitam,
734 952 858 1014 mores,
869 931 985 1003 studia
997 941 1032 1002 et
1046 942 1220 1025 postremo

142 1079 219 1129 meu
239 1056 355 1128 omnia
372 1054 554 1126 contrariis
574 1052 729 1125 moribus
750 1061 856 1146 alque
873 1051 1006 1125 artibus
1026 1053 1221 1126 deformas·

142 1200 214 1260 ses;
249 1188 288 1248 ut
318 1187 484 1270 quantum
515 1175 598 1245 mibi
631 1176 749 1267 gaudii
780 1197 859 1246 mea
884 1198 985 1248 mens
1015 1176 1122 1249 dabat
1151 1197 1221 1248 non

141 1309 277 1372 exaclae
296 1298 435 1391 quidem
455 1298 662 1369 innocentiae
685 1319 800 1391 neque
821 1319 960 1390 magnae
980 1300 1135 1383 virtutis,
1158 1298 1221 1372 sed

141 1423 258 1494 hercle
294 1423 481 1492 voluntatis
528 1420 670 1513 optimae
718 1418 784 1491 sibi
825 1422 978 1507 conscia,
1019 1422 1220 1494 tantundem

141 1548 289 1639 plusque
301 1543 432 1636 aliquid
448 1542 580 1615 doloris
593 1543 730 1614 animus
748 1554 832 1615 tuus
845 1565 885 1615 ac
899 1543 1112 1636 propositum
1126 1543 1222 1638 quod

140 1670 253 1739 celare
274 1688 339 1737 nec
361 1676 500 1758 poteras
521 1686 586 1735 nec
604 1665 758 1750 sciebas,
776 1666 882 1737 credo
898 1665 1061 1758 equidem
1079 1686 1143 1738 nec
1158 1687 1223 1738 vo-

59 1767 63 1775 *
140 1788 236 1859 lebas
259 1788 389 1882 (lautus
415 1788 532 1858 nescio
551 1786 642 1858 unde
661 1808 817 1858 mearum
836 1808 953 1859 rerum
971 1797 1075 1880 atque
1090 1787 1223 1881 opinio-

141 1932 223 1980 num
245 1920 460 2001 contemptor
480 1908 659 2001 evaseras)
674 1921 711 1980 et
724 1908 977 1982 inaestimabilis
992 1910 1049 1980 illa
1070 1909 1223 1981 dissimi-

141 2030 249 2102 litudo
274 2040 423 2114 naturae,
450 2033 552 2126 lquae,
580 2034 611 2102 si
629 2032 782 2125 suspicio
803 2032 982 2103 hominum
1004 2054 1089 2104 vera
1113 2040 1220 2118 esset,

140 2151 325 2245 persimilis
338 2175 419 2225 esse
436 2154 618 2248 debuerat)
642 2178 684 2227 ac
697 2155 868 2248 stupenda
889 2165 1051 2228 votorum
1067 2156 1222 2227 omnium

139 2274 327 2347 diversitas
347 2275 457 2348 daret.
481 2278 569 2359 Quae
589 2277 707 2349 omnia
731 2277 815 2349 dum
843 2278 939 2371 potui
967 2279 1039 2363 tuli,
1063 2277 1126 2350 sed
1152 2288 1222 2348 tam

140 2400 295 2488 graviter
317 2406 355 2467 ut
374 2419 420 2468 ex
446 2398 609 2468 omnibus
636 2400 783 2468 sarcinis
808 2421 898 2491 quas
924 2403 991 2471 lert
1016 2399 1168 2472 mundos
1188 2407 1224 2470 et

143 2520 213 2587 vita
232 2517 412 2586 bominum
434 2520 528 2587 nulla
543 2520 627 2587 mibi
647 2520 835 2601 molestior,
850 2522 943 2590 nulla
956 2531 1051 2591 esset
1066 2531 1127 2591 aut
1139 2522 1224 2592 luis·

143 2646 197 2707 set
215 2635 398 2727 iudignicr;
420 2658 544 2729 nempe
564 2639 620 2707 cui
639 2636 786 2708 baculus
807 2637 964 2709 imbecilli
988 2638 1086 2710 senio
1108 2641 1224 2734 provi-

142 2780 204 2829 sus
225 2760 258 2828 in
281 2758 419 2850 pondus
440 2781 482 2831 ac
502 2759 730 2850 praecipitium
756 2781 884 2831 versus
907 2772 1014 2832 esset.
1042 2760 1223 2834 Substinui

141 2890 210 2951 tam
232 2879 333 2972 gravi
351 2888 386 2951 et
412 2880 613 2973 indignante
640 2880 821 2952 stomacho
847 2883 974 2953 multos
999 2882 1138 2975 quidem
1161 2906 1224 2977 per

140 3026 265 3089 annos,
283 3003 377 3097 quod
399 3026 490 3075 nunc
511 3004 630 3075 miror:
645 3003 709 3076 scd
727 3004 822 3075 vires
839 3004 1016 3096 patientiae
1029 3007 1141 3100 pietas
1161 3007 1223 3078 da-

141 3125 213 3210 bat,
234 3136 270 3197 et
288 3123 450 3197 obstabat
468 3146 613 3197 nauseae
632 3146 713 3219 spes
734 3125 802 3197 iam
830 3127 945 3198 tenuis
971 3128 1150 3200 mutandae
1170 3127 1224 3199 vi-

142 3257 202 3329 tae,
216 3267 298 3339 quae
309 3246 369 3347 ubi
383 3267 526 3338 prorsus
542 3248 688 3319 evanuit
701 3247 840 3319 budam
860 3261 892 3319 te
904 3270 973 3318 non
988 3251 1105 3319 lessus
1121 3248 1223 3320 modu

142 3369 205 3440 sed
225 3370 355 3439 fractus
383 3369 483 3437 malis
508 3380 612 3461 atque
633 3379 860 3463 expugnatus
880 3369 1037 3454 evomui,
1058 3380 1093 3440 et
1113 3369 1223 3440 inlau-

141 3502 234 3561 stum
259 3511 350 3560 onus
374 3488 479 3560 domo
504 3492 617 3581 exegi.
643 3492 688 3562 Et
714 3493 745 3563 si
766 3490 872 3565 finem
893 3491 990 3564 exilii
1013 3491 1061 3561 tui
1078 3490 1221 3582 qtraeris,

141 3611 243 3694 idem,
266 3610 361 3694 scito,
384 3633 453 3682 non
470 3611 558 3682 alius
579 3635 684 3705 quam
704 3615 837 3707 peccati
857 3615 933 3686 erit.
957 3613 1077 3684 Victus
1106 3633 1221 3696 amor,

139 3733 315 3804 exhausta
337 3755 428 3826 spes,
448 3749 655 3829 cousumpta
678 3737 841 3828 patientia
863 3758 939 3806 mea
960 3745 1026 3819 est,
1050 3755 1113 3806 nec
1131 3735 1223 3807 serre

141 3865 173 3925 te
192 3857 295 3927 limen
316 3878 432 3926 meum
451 3867 577 3949 potest,
606 3879 671 3928 nec
692 3878 815 3927 murus
841 3878 980 3948 capere,
1002 3878 1068 3928 nec
1094 3868 1222 3928 tectum

142 3988 267 4068 tegere,
288 3999 351 4048 nco
374 3976 496 4048 audire
511 4000 631 4061 aures,
646 3998 710 4046 nec
723 3975 844 4047 videre
861 3979 966 4050 oculi:
985 3978 1129 4071 proinde
1140 3978 1224 4049 dum

140 4098 172 4169 is
187 4121 226 4172 es
248 4101 308 4193 qui
329 4100 410 4172 bino
430 4100 544 4185 abisti,
567 4110 603 4172 et
622 4109 745 4191 optare
764 4099 912 4172 reditum
935 4100 1075 4194 pudeat,
1094 4113 1129 4172 et
1146 4119 1226 4191 spe·
