2670 4688
326 309 419 358 LIBER
440 308 753 358 Vicesimusreurlo&
767 329 805 341 ··
816 310 969 360 erlsroel
990 311 1022 361 ll.
1159 298 1214 359 18l

133 449 206 522 Nou
223 447 325 522 audis
349 452 508 522 Flaccum
532 451 660 541 ipsum:

269 597 418 660 Truditur
434 596 500 658 dies
515 594 566 657 dle

331 696 487 772 llovaeque
503 701 636 772 pergunt
653 691 783 756 interire
800 693 906 757 Lunae:

273 793 319 855 Tu
337 793 463 854 secanda
480 806 636 853 marmora

330 890 424 952 Locus
441 889 500 950 sub
518 889 620 967 ipsum
637 890 745 965 lunus;
764 895 794 950 et
811 887 963 967 sepulchri

268 988 437 1050 Immemor
454 986 548 1049 struis
565 986 695 1050 dumosi

131 1121 210 1190 Non
233 1117 333 1190 audis
354 1119 551 1190 Lucanum:

332 1312 461 1328 .....
484 1261 586 1327 veniet
603 1279 674 1342 quae
690 1264 817 1327 misceat
834 1280 942 1329 omnes

269 1363 350 1425 Hora
365 1361 471 1425 duces:
489 1366 649 1441 properate
666 1361 768 1424 mori‘l

134 1511 178 1579 El
196 1506 376 1579 eumdem:

331 1700 463 1716 .....
485 1666 537 1713 mo
553 1667 609 1714 nec
626 1651 747 1713 oracula
763 1658 885 1714 certum

269 1753 328 1816 Sed
345 1767 431 1813 mors
447 1756 528 1813 ceria
546 1750 631 1813 lecit:
649 1749 761 1827 pauido
778 1749 913 1830 fortique
929 1751 1098 1815 cedendum
1116 1754 1184 1816 osli

270 1849 333 1912 Hoc
350 1848 423 1910 selis
441 1852 487 1909 est
503 1846 619 1910 dixisse
635 1845 762 1908 loremi

131 1997 206 2069 Non
228 1996 331 2067 audis
353 1994 514 2067 Sletium:

270 2159 360 2223 Utere
377 2159 444 2223 luco
459 2165 511 2221 tua
528 2157 712 2236 longamque
729 2154 822 2220 indue
838 2156 973 2220 lamam?
1068 2247 1071 2252 ³

131 2287 174 2359 Et
193 2283 376 2357 eumdem?

267 2428 405 2491 Immites
422 2429 481 2490 scis
497 2427 580 2489 nulla
597 2425 762 2489 revolvere
777 2426 887 2490 Parcas

273 2525 432 2587 Stamina?

131 2674 206 2745 Nou
227 2672 328 2745 audis
349 2673 565 2746 iuvenalem:

335 2867 465 2883 .....
488 2817 610 2881 festinat
626 2817 709 2880 enim
727 2818 893 2882 decurrere
909 2816 1001 2883 velox

271 2916 428 2980 Flosculus
443 2925 580 2996 auguste
596 2916 783 2996 misereque
800 2915 985 2980 brevissima
1002 2915 1076 2981 vilae

271 3015 394 3079 Portior
410 3016 484 3079 dum
501 3016 646 3093 bibimus,
663 3017 739 3080 dum
756 3023 846 3091 serie,
863 3023 1029 3095 unguenta,
1046 3016 1162 3097 puellas

272 3114 444 3188 poscimus,
462 3115 581 3193 obrepit
597 3130 657 3176 uon
675 3114 822 3177 intellecta
839 3115 999 3177 seneclus?

134 3247 230 3315 Hanc
248 3245 278 3312 si
298 3246 384 3316 lorle
405 3247 544 3336 longam
567 3246 625 3317 libi
648 3267 833 3338 seramque
853 3245 1042 3339 polliciluS,
1062 3255 1101 3315 ul
1118 3246 1214 3318 mulli

134 3370 257 3448 solent,
292 3367 458 3437 iacturam
492 3370 656 3461 temporis
690 3370 802 3441 levem
833 3368 947 3452 docio,
975 3390 1019 3439 eu
1050 3367 1213 3440 eumdem

132 3492 245 3584 ipsum
268 3511 335 3560 uon
357 3488 475 3559 audis:
494 3490 592 3575 olim,
615 3491 743 3584 inquil,

333 3681 648 3697 ...........
672 3635 747 3697 olim

275 3739 416 3816 Prodigio
435 3754 489 3817 par
506 3746 551 3802 esi
568 3741 599 3801 iu
616 3739 770 3805 nobilitate
787 3741 953 3803 seneclus?

132 3874 169 3946 ld
192 3874 220 3945 si
235 3874 332 3957 olim,
348 3871 431 3964 quid
451 3869 573 3942 hodie‘?
590 3871 634 3939 El
653 3872 681 3941 si
700 3873 733 3940 in
749 3869 937 3953 nobilitate,
957 3868 1041 3962 quid
1055 3871 1089 3940 in
1103 3870 1212 3964 impe-

132 4002 183 4069 rio
216 3999 406 4069 seneclus?
434 3996 518 4065 Cum
540 3993 696 4067 omnium
716 3991 912 4062 mortalium
935 3991 980 4062 sit
1000 3991 1132 4079 brevis,
1161 4003 1212 4062 le-

132 4143 211 4192 men
231 4120 441 4192 brevissima
469 4119 662 4214 principum
689 4114 762 4187 vila
788 4124 856 4199 csl,
888 4124 925 4185 et
949 4115 1084 4188 inlerno
1109 4135 1210 4186 cura-
