2670 4688
569 276 722 325 musroun
744 276 816 324 xuu.
1160 265 1237 346 4111

145 429 265 504 nenta,
302 418 450 490 divinari
488 418 602 511 possit
639 437 766 488 sensus
804 438 925 488 eorum
963 417 1123 503 forsitan,
1159 421 1222 494 sed

144 543 283 614 omnino
303 564 371 613 non
393 542 503 635 possit
522 539 682 632 intelligi,
706 561 750 611 nc
780 549 814 611 te
841 539 988 611 summis
1008 540 1220 637 Reipublicae

133 663 241 753 ,lactis
268 666 455 748 intentum,
478 683 600 753 cogam
628 661 732 733 unius
759 661 910 755 pastoris
940 661 1069 734 scilicet
1100 663 1220 735 verbis

142 785 333 871 intendere,
353 807 456 857 acne
477 786 509 854 in
535 784 640 876 nugis
660 786 750 855 meis
771 787 827 855 vel
851 796 1027 858 momento
1055 789 1220 881 temporis
1302 814 1305 820 ⁵

141 906 416 980 divinumillud
448 918 640 1000 occupetur
665 908 856 1000 ingenium,
887 909 1007 1000 paucis
1035 909 1096 981 tibi
1124 921 1219 1002 pate·

142 1029 460 1123 laciampropositi
487 1029 553 1100 mei
581 1049 764 1101 summam.
791 1031 868 1100 Duo
891 1029 1033 1121 quidam
1061 1043 1219 1123 pastores
1262 1102 1264 1107 .

140 1153 211 1223 duo
227 1161 308 1222 sunt
321 1151 449 1222 civium
464 1172 593 1242 genera
607 1153 641 1222 in
655 1153 778 1223 eadem
794 1149 880 1223 urbe
895 1150 1137 1237 habitantium,
1155 1154 1216 1226 sed

139 1273 183 1344 de
197 1273 320 1346 eadem
333 1270 525 1365 Republica
538 1272 640 1363 longe
653 1271 1045 1356 discordantium3alter
1056 1283 1114 1345 est
1127 1275 1216 1345 blar-

139 1393 223 1479 tius,
243 1396 308 1466 hoc
321 1403 377 1465 est
389 1393 575 1466 bellicosus
592 1403 628 1464 et
645 1392 835 1486 inquietus,
855 1415 917 1465 seu
937 1415 957 1464 a
974 1396 1094 1480 lliarle,
1112 1418 1217 1488 quem

136 1516 326 1590 conditoris
340 1517 451 1589 nostri
466 1527 642 1611 parentem
661 1515 764 1587 finxit
781 1515 979 1608 antiquitas,
1001 1517 1216 1602 nominatus,

135 1664 219 1732 erga
233 1638 435 1732 genitricem
454 1637 533 1730 pius
550 1648 586 1709 et
603 1637 670 1708 sibi
687 1637 914 1730 compatiens.
927 1639 1087 1710 Genitrix
1099 1649 1215 1711 aulem

135 1765 243 1835 Roma
258 1772 324 1833 est.
336 1761 432 1833 Alter
445 1762 552 1832 trater
564 1760 641 1830 eius
655 1771 710 1831 est
722 1759 875 1852 Apicius,
890 1781 994 1852 quem
1009 1762 1215 1853 magistrum

135 1885 296 1976 coquinae
323 1883 502 1967 novimus,
531 1902 722 1975 perquem
746 1880 985 1975 voluptatibus
1016 1893 1050 1954 et
1082 1882 1216 1953 inertiae

134 2006 272 2078 deditos
291 2006 371 2078 licet
388 2005 591 2096 intelligere.
607 2004 701 2075 luter
716 2002 780 2074 bos
798 2001 843 2072 ibi
861 2004 906 2075 de
925 2003 1052 2097 pietate
1067 2013 1216 2076 vetustae

134 2128 236 2200 matri
269 2128 387 2199 debita
414 2148 543 2220 magna
574 2125 749 2198 contentio
778 2135 833 2196 est
866 2147 972 2219 super
1000 2126 1215 2199 restituenda

131 2250 327 2345 praesertim
348 2250 453 2321 domo
473 2250 550 2320 eins
570 2250 725 2341 antiqua,
747 2270 830 2342 quae
855 2249 981 2322 domus
1008 2249 1213 2344 Capitolium

129 2386 203 2457 est,
224 2384 260 2443 et
281 2383 402 2464 ponte,
424 2391 495 2462 quo
516 2393 576 2441 rus
598 2391 701 2440 suum
726 2382 843 2462 petere
873 2371 1022 2458 solebat,
1043 2375 1103 2465 qui
1126 2394 1213 2466 pons

130 2495 269 2564 Milvius
302 2500 372 2574 est,
402 2512 509 2583 super
541 2491 672 2574 rivum,
700 2491 767 2562 hoc
798 2502 853 2562 est
883 2493 1033 2563 Tiberim
1066 2516 1112 2565 ex
1143 2497 1212 2566 alto

129 2613 301 2706 Apennini
323 2611 454 2684 vertice
473 2610 757 2683 descendentem.
784 2613 854 2683 lter
879 2612 963 2684 illud
997 2613 1042 2684 ad
1072 2626 1211 2686 valeres

131 2735 249 2806 hortos
270 2733 370 2806 etad
391 2733 530 2806 Saturni
552 2732 685 2817 domos,
707 2732 774 2805 boc
798 2745 855 2803 est
875 2735 920 2807 ad
948 2735 1135 2807 Hortanam
1160 2737 1208 2809 ci-

128 2859 271 2930 vitatem
306 2868 481 2942 veterem,
516 2877 557 2928 ac
589 2857 742 2927 Sutrium
773 2857 881 2943 ducit,
909 2868 946 2929 el
974 2859 1019 2931 ad
1044 2858 1210 2932 umbrosa

128 2981 282 3073 Tempe;
308 2980 375 3053 boc
400 2991 456 3052 est
488 2978 533 3051 ad
567 2977 815 3062 Umbriam,·in
841 3003 910 3074 qua
940 2991 996 3053 est
1021 2982 1149 3053 Narnia
1174 2992 1210 3053 et

128 3102 316 3174 Tudertem
337 3117 372 3174 et
391 3105 470 3174 aliae
489 3105 623 3189 multae,
642 3114 679 3174 et
694 3103 840 3174 ulterius
858 3102 892 3173 in
911 3104 1088 3189 Tusciam,
1107 3101 1209 3175 cuius

127 3226 273 3316 populos
287 3223 314 3295 'a
334 3224 513 3319 Lydorum
535 3234 639 3315 gente
661 3226 833 3319 proiectos
859 3247 940 3298 osso
961 3248 1031 3298 non
1052 3226 1205 3319 ignoras.

126 3346 248 3416 Pastor
268 3354 400 3430 aulem,
422 3345 466 3416 de
486 3368 556 3438 quo
576 3346 634 3417 illo
656 3348 732 3418 loco
752 3344 792 3418 fit
811 3347 958 3432 mentio,
976 3348 1038 3440 qui
1055 3349 1150 3421 iures
1171 3347 1205 3418 iu

126 3477 230 3561 ponte
265 3466 394 3558 reperit
418 3476 455 3537 et
478 3467 616 3552 occidit,
645 3467 783 3539 Marcus
817 3469 950 3541 Tullius
983 3470 1103 3541 Cicero
1134 3481 1203 3555 est,

124 3588 183 3681 qui
219 3599 256 3657 ul
290 3587 393 3668 nosti,
429 3609 535 3680 super
568 3596 706 3679 pontem
740 3589 896 3660 Milvium
931 3589 1203 3663 coniurationem

124 3711 254 3804 reperit
292 3707 456 3778 Catilinae.
492 3709 587 3779 Bene
621 3717 759 3801 pastor,
799 3711 895 3803 quod
928 3711 1079 3782 Consul:
1114 3710 1203 3783 bene

124 3844 271 3922 argutus
297 3842 438 3923 proptor
470 3831 680 3921 eloquentiae
714 3830 954 3923 principatum.
994 3832 1088 3905 Silva
1126 3835 1203 3925 qui-

123 3953 201 4025 dem
227 3954 281 4025 cui
303 3952 417 4046 pontis
444 3952 545 4022 ruina
569 3950 739 4022 damnosa
772 3963 842 4037 est,
877 3964 913 4025 ct
947 3975 1036 4045 grex
1069 3975 1197 4047 parva,

123 4083 178 4144 ost
198 4075 348 4166 Populus
364 4074 552 4145 Romanus.
569 4072 744 4165 Coniuges
759 4082 794 4144 et
813 4072 886 4159 lilii,
902 4075 1030 4167 quibus
1045 4079 1198 4169 neglecta
