2670 4688
558 275 712 323 urrsrota
734 276 776 323 ιιι.
1151 259 1204 319 ott

119 421 198 512 ipsa
218 421 377 489 relucens
396 429 512 510 patres
531 415 728 488 obumbrat.
749 416 850 486 -111
866 415 1099 507 quaretonia
1117 417 1208 486 lama

123 541 264 634 propria
297 541 439 612 virtutis
466 549 522 610 est
548 560 624 610 suae
650 539 732 631 (sic).
755 538 827 608 Viri
850 536 994 607 maximi
1023 537 1204 630 sapientia,

121 663 262 749 litteris,
278 663 463 737 honestate
477 663 573 753 vitae,
591 660 770 755 armisque
789 661 908 753 plures
926 660 1039 759 inape,
1058 680 1207 751 quorum

123 785 347 881 patressinc
382 785 514 856 bonore
540 785 708 854 vixerunt
734 796 769 853 et
795 783 966 857 abierunt.
994 781 1071 855 Non
1099 782 1209 871 potuit

123 906 287 999 splendor
318 906 425 998 patris
453 916 514 977 aut
548 905 607 976 tilii
638 890 771 999 patrem
797 916 858 976 aut
883 903 991 976 lilium
1018 904 1205 998 ignobilem

123 1042 243 1100 notum
269 1030 392 1101 lacere.
425 1031 521 1121 Ergo
546 1029 577 1099 si
604 1027 753 1111 strenui,
781 1027 810 1098 si
831 1028 988 1133 illustres
1011 1038 1114 1099 erunt
1135 1025 1205 1111 lilii,

122 1154 322 1249 praecellere
342 1155 469 1235 volent,
497 1151 664 1244 ipsosque
687 1151 809 1222 unicos
830 1171 872 1220 ac
892 1151 988 1220 solos
1010 1171 1074 1220 sua
1100 1149 1207 1241 inspi-

122 1271 190 1343 ciet
213 1272 392 1344 claritudo.
415 1274 465 1344 lta
487 1284 620 1365 patrem
645 1271 862 1364 repudiando
883 1280 962 1364 post
987 1269 1120 1342 obitum
1146 1291 1207 1341 ne-

122 1393 257 1486 gligent
282 1395 312 1465 si
339 1394 421 1466 clari
447 1370 566 1478 erunt,
589 1395 619 1465 si
640 1382 948 1487 pravi'atlligendo
969 1392 1204 1465 macerabunt.

122 1516 188 1587 Ob!
206 1518 399 1611 concupita,
415 1517 478 1587 obt
494 1517 662 1597 damnosa
675 1518 802 1611 proles.
813 1517 879 1587 Ob!
896 1517 1017 1606 ignara
1029 1515 1205 1589 discordia

122 1638 319 1710 bominum:
347 1638 433 1732 quid
458 1641 588 1731 quaeris
614 1614 873 1711 leoruciando!
898 1641 1005 1724 Mala,
1027 1630 1118 1711 mala
1143 1661 1205 1732 pa-

122 1772 257 1832 rentum
276 1761 361 1831 mihi
378 1761 567 1852 contigisse
585 1783 724 1857 queror.
740 1803 784 1814 ·-
800 1761 891 1846 Quid
905 1762 1012 1854 igitur
1027 1761 1203 1857 agendum

120 1892 176 1952 est
198 1882 228 1950 si
249 1879 438 1965 habentur,
465 1904 543 1953 oum
572 1893 720 1975 utroque
753 1881 858 1954 modo
886 1882 1119 1969 adversentur
1143 1903 1205 1976 pa·

122 2004 188 2074 tri?
212 2004 266 2075 Αιι
292 2004 491 2099 expellendi
525 2008 697 2077 suntl-
720 2005 754 2079 Si
791 2005 977 2090 habentur,
1014 2004 1204 2077 virtutibus

121 2127 297 2200 nutriendi
327 2139 467 2200 suntet
492 2150 560 2200 non
587 2129 730 2235 divitps.
752 2129 889 2203 Nam
860 2150 891 2201 st
913 2129 1033 2201 virtuti
1057 2128 1202 2202 adhibiti

120 2260 246 2334 erunt,
285 2271 347 2321 eos
387 2250 525 2320 sublimi
560 2250 682 2341 gloriae
720 2251 926 2344 praestabis;
961 2253 992 2323 si
1027 2272 1130 2324 verer·
1125 2234 1204 2331 ¹uli-

120 2372 215 2444 vitiis
249 2393 310 2443 eos
346 2369 513 2442 vecordes
539 2383 575 2441 et
604 2373 764 2451 volatiles
791 2374 933 2455 reddes
960 2374 1005 2444 ad
1030 2396 1201 2445 summam

122 2492 299 2563 miseriam
333 2474 587 2564 muodanarum
626 2495 844 2585 voluptatum
880 2517 1002 2605 eorum
1040 2495 1203 2591 iuvenilia

122 2612 268 2685 ducet
260 2612 412 2695 insania
448 2635 489 2685 ao
520 2614 554 2683 in
587 2594 818 2708 praecipititiln
852 2586 989 2707 ιιθιὲα
1024 2627 1061 2687 et
1093 2615 1201 2703 labori

121 2755 234 2805 vacuo
254 2733 436 2808 insudabis
456 2735 613 2807 moribus
638 2737 722 2807 vitae
747 2738 984 2851 nop'turo
939 2738 1043 2810 -si
1064 2737 1200 2810 carebis

122 2854 218 2938 filiis,
235 2856 411 2949 indigebis
429 2857 641 2961 haeredibus.
657 2859 781 2930 -Olt
802 2881 891 2952 gens
908 2861 1027 2955 ignara
1044 2860 1202 2934 etobsti-
1283 2884 1286 2890 ·

121 2989 212 3048 nata.
235 2980 280 3051 tt
298 3001 379 3072 quis
402 3002 552 3072 unquam
589 2995 700 3054 carun
720 2982 876 3066 haerede
910 2984 974 3054 nisi
1003 2985 1133 3055 miser?
1154 3022 1200 3037 -

120 3099 316 3170 Possidebit
348 3110 407 3171 tua
439 3113 631 3173 extraneus
653 3086 778 3174 baares.
799 3105 906 3174 —Et
930 3127 998 3196 ege
1016 3108 1097 3197 quae
1122 3126 1200 3176 mea

121 3222 190 3291 iam
223 3244 291 3293 non
323 3225 421 3295 luere
453 3224 635 3325 possideo:
666 3235 818 3298 attamen
845 3222 935 3297 'uiuit
968 3229 1080 3307 baleo
1105 3214 1203 3320 duod

121 3366 235 3415 meum
258 3345 326 3417 dici
348 3347 468 3436 possit.
490 3348 589 3430 Quod
610 3349 738 3420 auferri
759 3342 874 3442 pot'est
894 3353 978 3423 nulli
998 3351 1117 3423 datum
1135 3349 1200 3447 sed

120 3487 342 3552 concessum,
371 3478 409 3538 ut
433 3469 517 3541 illud
538 3471 703 3543 Senecae:
728 3495 795 3542 ooo
823 3484 869 3542 est
894 3484 987 3542 turam
1007 3473 1092 3562 quod
1112 3472 1200 3543 For·

120 3601 201 3659 tuno
216 3591 292 3678 serit
310 3600 419 3660 taum:
433 3592 584 3666 Fortuna
602 3595 657 3663 cui
678 3596 791 3686 placet
812 3594 903 3666 bona
923 3595 1103 3693 dispensat
1122 3617 1196 3668 sua.

119 3711 203 3780 llaec
227 3710 389 3783 omnibus
411 3734 496 3784 vera
520 3725 557 3784 et
580 3737 640 3786 cer
643 3728 761 3833 tures}
774 3718 902 3789 haeres
924 3718 1026 3801 Quod
1046 3741 1197 3791 commo·

118 3831 221 3904 datur
243 3833 319 3904 sine
346 3833 470 3905 iniuria
489 3836 576 3928 eripi
598 3822 721 3928 potest.
740 3840 809 3912 Sed
832 3862 896 3911 vos
918 3841 1029 3931 ignari
1051 3852 1088 3911 et
1109 3862 1198 3932 prae·

119 3957 247 4045 posteri
283 3966 320 4026 ot
342 3957 507 4093 morituri
536 3958 679 4030 creditis
718 3963 878 4032 testando
910 3974 946 4031 et
980 3963 1171 4054 legando
1161 3986 1195 4033 ιιι

120 4056 632 4170 1ιιιιιιο111611111ιῖ1Ροιιιῖιιιιξι
651 4103 761 4154 novus
780 4083 958 4176 imponere
973 4086 1080 4177 leges.
1097 4084 1195 4156 ltidet
