<?xml version="1.0" encoding="UTF-8"?>
<!DOCTYPE html PUBLIC "-//W3C//DTD XHTML 1.0 Transitional//EN"
    "http://www.w3.org/TR/xhtml1/DTD/xhtml1-transitional.dtd">
<html xmlns="http://www.w3.org/1999/xhtml" xml:lang="en" lang="en">
 <head>
  <title>
</title>
<meta http-equiv="Content-Type" content="text/html;charset=utf-8" />
  <meta name='ocr-system' content='tesseract 3.04.00' />
  <meta name='ocr-capabilities' content='ocr_page ocr_carea ocr_par ocr_line ocrx_word'/>
</head>
<body>
  <div class='ocr_page' id='page_1' title='image "./epistolaederebu01fracgoog_0316.png"; bbox 0 0 2670 4688; ppageno 0'>
   <div class='ocr_carea' id='block_1_1' title="bbox 126 297 751 358">
    <p class='ocr_par' dir='ltr' id='par_1_1' title="bbox 126 297 751 358">
     <span class='ocr_line' id='line_1_1' title="bbox 126 297 751 358; baseline 0.01 -6"><span class='ocrx_word' id='word_1_1' title='bbox 126 297 184 356; x_wconf 74' lang='lat' dir='ltr'>:tte</span> <span class='ocrx_word' id='word_1_2' title='bbox 235 343 244 356; x_wconf 93' lang='lat'><strong>.</strong></span> <span class='ocrx_word' id='word_1_3' title='bbox 591 307 751 358; x_wconf 63' lang='lat' dir='ltr'>t‘strtstrott</span> 
     </span>
    </p>
   </div>
   <div class='ocr_carea' id='block_1_2' title="bbox 116 441 1228 4209">
    <p class='ocr_par' dir='ltr' id='par_1_2' title="bbox 116 441 1228 4209">
     <span class='ocr_line' id='line_1_2' title="bbox 126 441 1228 549; baseline 0.005 -27"><span class='ocrx_word' id='word_1_4' title='bbox 126 457 286 543; x_wconf 84' lang='lat' dir='ltr'>lirnprens</span> <span class='ocrx_word' id='word_1_5' title='bbox 325 453 457 523; x_wconf 86' lang='lat' dir='ltr'>ltaliam</span> <span class='ocrx_word' id='word_1_6' title='bbox 491 441 704 545; x_wconf 83' lang='lat' dir='ltr'>provinciam</span> <span class='ocrx_word' id='word_1_7' title='bbox 750 451 942 547; x_wconf 89' lang='lat' dir='ltr'>principem</span> <span class='ocrx_word' id='word_1_8' title='bbox 986 464 1228 549; x_wconf 82' lang='lat' dir='ltr'>tyrannorum</span> 
     </span>
     <span class='ocr_line' id='line_1_3' title="bbox 125 572 1226 671; baseline 0.005 -28"><span class='ocrx_word' id='word_1_9' title='bbox 125 572 281 644; x_wconf 70' lang='lat' dir='ltr'>lancibus</span> <span class='ocrx_word' id='word_1_10' title='bbox 295 573 532 644; x_wconf 87' lang='lat' dir='ltr'>verisimiliter</span> <span class='ocrx_word' id='word_1_11' title='bbox 547 575 774 646; x_wconf 88' lang='lat' dir='ltr'>lacerandam.</span> <span class='ocrx_word' id='word_1_12' title='bbox 791 575 834 643; x_wconf 86' lang='lat' dir='ltr'>Et</span> <span class='ocrx_word' id='word_1_13' title='bbox 852 583 889 643; x_wconf 92' lang='lat' dir='ltr'>ut</span> <span class='ocrx_word' id='word_1_14' title='bbox 903 577 1114 648; x_wconf 88' lang='lat' dir='ltr'>secundum</span> <span class='ocrx_word' id='word_1_15' title='bbox 1135 578 1226 671; x_wconf 82' lang='lat' dir='ltr'>Apo-</span> 
     </span>
     <span class='ocr_line' id='line_1_4' title="bbox 125 696 1224 788; baseline 0.011 -28"><span class='ocrx_word' id='word_1_16' title='bbox 125 697 250 764; x_wconf 78' lang='lat' dir='ltr'>stolum</span> <span class='ocrx_word' id='word_1_17' title='bbox 279 707 482 765; x_wconf 77' lang='lat' dir='ltr'>reverenter</span> <span class='ocrx_word' id='word_1_18' title='bbox 502 696 684 788; x_wconf 88' lang='lat' dir='ltr'>adloqnar,</span> <span class='ocrx_word' id='word_1_19' title='bbox 713 698 870 767; x_wconf 86' lang='lat' dir='ltr'>luctuose</span> <span class='ocrx_word' id='word_1_20' title='bbox 893 697 958 768; x_wconf 89' lang='lat' dir='ltr'>sed</span> <span class='ocrx_word' id='word_1_21' title='bbox 977 699 1138 772; x_wconf 77' lang='lat' dir='ltr'>forsitan</span> <span class='ocrx_word' id='word_1_22' title='bbox 1157 703 1224 772; x_wconf 91' lang='lat' dir='ltr'>fru-</span> 
     </span>
     <span class='ocr_line' id='line_1_5' title="bbox 124 816 1222 899; baseline 0.01 -16"><span class='ocrx_word' id='word_1_23' title='bbox 124 828 245 886; x_wconf 84' lang='lat' dir='ltr'>ctuose</span> <span class='ocrx_word' id='word_1_24' title='bbox 259 827 351 886; x_wconf 88' lang='lat' dir='ltr'>tuam</span> <span class='ocrx_word' id='word_1_25' title='bbox 365 816 511 887; x_wconf 90' lang='lat' dir='ltr'>obsecro</span> <span class='ocrx_word' id='word_1_26' title='bbox 531 817 755 899; x_wconf 72' lang='lat' dir='ltr'>sanctitatem,</span> <span class='ocrx_word' id='word_1_27' title='bbox 765 817 1030 891; x_wconf 86' lang='lat' dir='ltr'>PaterUrbane.</span> <span class='ocrx_word' id='word_1_28' title='bbox 1042 824 1222 894; x_wconf 86' lang='lat' dir='ltr'>Memento</span> 
     </span>
     <span class='ocr_line' id='line_1_6' title="bbox 123 938 1221 1040; baseline 0.008 -32"><span class='ocrx_word' id='word_1_29' title='bbox 123 959 255 1029; x_wconf 79' lang='lat' dir='ltr'>qrraeso,</span> <span class='ocrx_word' id='word_1_30' title='bbox 270 938 365 1031; x_wconf 91' lang='lat' dir='ltr'>quod</span> <span class='ocrx_word' id='word_1_31' title='bbox 381 940 570 1010; x_wconf 84' lang='lat' dir='ltr'>Paractitus</span> <span class='ocrx_word' id='word_1_32' title='bbox 591 947 623 1008; x_wconf 89' lang='lat' dir='ltr'>te</span> <span class='ocrx_word' id='word_1_33' title='bbox 643 938 849 1031; x_wconf 72' lang='lat' dir='ltr'>praeposuit,</span> <span class='ocrx_word' id='word_1_34' title='bbox 865 941 951 1031; x_wconf 90' lang='lat' dir='ltr'>quin</span> <span class='ocrx_word' id='word_1_35' title='bbox 969 943 1047 1013; x_wconf 91' lang='lat' dir='ltr'>imo</span> <span class='ocrx_word' id='word_1_36' title='bbox 1069 955 1110 1015; x_wconf 90' lang='lat' dir='ltr'>et</span> <span class='ocrx_word' id='word_1_37' title='bbox 1131 965 1221 1040; x_wconf 86' lang='lat' dir='ltr'>prae-</span> 
     </span>
     <span class='ocr_line' id='line_1_7' title="bbox 125 1060 1217 1156; baseline 0.003 -24"><span class='ocrx_word' id='word_1_38' title='bbox 125 1063 239 1155; x_wconf 87' lang='lat' dir='ltr'>posuit</span> <span class='ocrx_word' id='word_1_39' title='bbox 261 1062 374 1146; x_wconf 87' lang='lat' dir='ltr'>Filius,</span> <span class='ocrx_word' id='word_1_40' title='bbox 390 1062 449 1154; x_wconf 88' lang='lat' dir='ltr'>qui</span> <span class='ocrx_word' id='word_1_41' title='bbox 465 1083 588 1132; x_wconf 91' lang='lat' dir='ltr'>manus</span> <span class='ocrx_word' id='word_1_42' title='bbox 600 1061 712 1131; x_wconf 87' lang='lat' dir='ltr'>Patris</span> <span class='ocrx_word' id='word_1_43' title='bbox 729 1060 871 1144; x_wconf 86' lang='lat' dir='ltr'>dieitur,</span> <span class='ocrx_word' id='word_1_44' title='bbox 891 1083 1083 1156; x_wconf 88' lang='lat' dir='ltr'>perquem</span> <span class='ocrx_word' id='word_1_45' title='bbox 1102 1067 1217 1137; x_wconf 88' lang='lat' dir='ltr'>omnia</span> 
     </span>
     <span class='ocr_line' id='line_1_8' title="bbox 125 1183 1218 1275; baseline 0.003 -22"><span class='ocrx_word' id='word_1_46' title='bbox 125 1186 213 1255; x_wconf 87' lang='lat' dir='ltr'>facta</span> <span class='ocrx_word' id='word_1_47' title='bbox 235 1196 325 1265; x_wconf 89' lang='lat' dir='ltr'>sunt,</span> <span class='ocrx_word' id='word_1_48' title='bbox 348 1195 383 1254; x_wconf 89' lang='lat' dir='ltr'>et</span> <span class='ocrx_word' id='word_1_49' title='bbox 404 1204 465 1275; x_wconf 89' lang='lat' dir='ltr'>per</span> <span class='ocrx_word' id='word_1_50' title='bbox 485 1185 610 1253; x_wconf 86' lang='lat' dir='ltr'>fratres</span> <span class='ocrx_word' id='word_1_51' title='bbox 629 1195 707 1254; x_wconf 86' lang='lat' dir='ltr'>tuos</span> <span class='ocrx_word' id='word_1_52' title='bbox 726 1185 783 1252; x_wconf 90' lang='lat' dir='ltr'>vel</span> <span class='ocrx_word' id='word_1_53' title='bbox 805 1203 889 1254; x_wconf 88' lang='lat' dir='ltr'>suos</span> <span class='ocrx_word' id='word_1_54' title='bbox 910 1183 1154 1274; x_wconf 85' lang='lat' dir='ltr'>dignissimos</span> <span class='ocrx_word' id='word_1_55' title='bbox 1169 1186 1218 1258; x_wconf 89' lang='lat' dir='ltr'>di-</span> 
     </span>
     <span class='ocr_line' id='line_1_9' title="bbox 125 1305 1216 1404; baseline 0.005 -28"><span class='ocrx_word' id='word_1_56' title='bbox 125 1309 216 1396; x_wconf 82' lang='lat' dir='ltr'>gitos</span> <span class='ocrx_word' id='word_1_57' title='bbox 239 1317 271 1376; x_wconf 91' lang='lat' dir='ltr'>te</span> <span class='ocrx_word' id='word_1_58' title='bbox 293 1318 493 1376; x_wconf 88' lang='lat' dir='ltr'>cunctorum</span> <span class='ocrx_word' id='word_1_59' title='bbox 516 1305 657 1395; x_wconf 84' lang='lat' dir='ltr'>scripsit</span> <span class='ocrx_word' id='word_1_60' title='bbox 674 1307 707 1374; x_wconf 95' lang='lat' dir='ltr'>in</span> <span class='ocrx_word' id='word_1_61' title='bbox 730 1313 885 1398; x_wconf 91' lang='lat' dir='ltr'>patrem;</span> <span class='ocrx_word' id='word_1_62' title='bbox 907 1310 1216 1404; x_wconf 86' lang='lat' dir='ltr'>auctorizavitque</span> 
     </span>
     <span class='ocr_line' id='line_1_10' title="bbox 124 1427 1215 1524; baseline 0.002 -23"><span class='ocrx_word' id='word_1_63' title='bbox 124 1451 262 1523; x_wconf 82' lang='lat' dir='ltr'>quoque</span> <span class='ocrx_word' id='word_1_64' title='bbox 288 1431 389 1498; x_wconf 88' lang='lat' dir='ltr'>Pater</span> <span class='ocrx_word' id='word_1_65' title='bbox 410 1427 503 1517; x_wconf 91' lang='lat' dir='ltr'>quod</span> <span class='ocrx_word' id='word_1_66' title='bbox 534 1427 578 1496; x_wconf 84' lang='lat' dir='ltr'>de</span> <span class='ocrx_word' id='word_1_67' title='bbox 609 1438 642 1496; x_wconf 90' lang='lat' dir='ltr'>te</span> <span class='ocrx_word' id='word_1_68' title='bbox 671 1427 816 1499; x_wconf 88' lang='lat' dir='ltr'>dictavit</span> <span class='ocrx_word' id='word_1_69' title='bbox 836 1427 953 1508; x_wconf 85' lang='lat' dir='ltr'>Filius,</span> <span class='ocrx_word' id='word_1_70' title='bbox 989 1439 1028 1499; x_wconf 90' lang='lat' dir='ltr'>et</span> <span class='ocrx_word' id='word_1_71' title='bbox 1063 1433 1215 1524; x_wconf 86' lang='lat' dir='ltr'>Spiritus</span> 
     </span>
     <span class='ocr_line' id='line_1_11' title="bbox 123 1549 1213 1644; baseline 0.005 -24"><span class='ocrx_word' id='word_1_72' title='bbox 123 1554 270 1621; x_wconf 81' lang='lat' dir='ltr'>Sanctus</span> <span class='ocrx_word' id='word_1_73' title='bbox 292 1549 449 1641; x_wconf 89' lang='lat' dir='ltr'>spiravit.</span> <span class='ocrx_word' id='word_1_74' title='bbox 466 1549 549 1618; x_wconf 87' lang='lat' dir='ltr'>Tota</span> <span class='ocrx_word' id='word_1_75' title='bbox 568 1549 727 1633; x_wconf 83' lang='lat' dir='ltr'>Trinitas,</span> <span class='ocrx_word' id='word_1_76' title='bbox 747 1550 848 1620; x_wconf 89' lang='lat' dir='ltr'>euius</span> <span class='ocrx_word' id='word_1_77' title='bbox 868 1569 976 1642; x_wconf 83' lang='lat' dir='ltr'>opera</span> <span class='ocrx_word' id='word_1_78' title='bbox 999 1554 1213 1644; x_wconf 84' lang='lat' dir='ltr'>separabilia</span> 
     </span>
     <span class='ocr_line' id='line_1_12' title="bbox 123 1671 1214 1765; baseline 0.007 -25"><span class='ocrx_word' id='word_1_79' title='bbox 123 1684 224 1755; x_wconf 89' lang='lat' dir='ltr'>sont,</span> <span class='ocrx_word' id='word_1_80' title='bbox 243 1679 385 1764; x_wconf 89' lang='lat' dir='ltr'>operata</span> <span class='ocrx_word' id='word_1_81' title='bbox 405 1679 460 1739; x_wconf 88' lang='lat' dir='ltr'>est</span> <span class='ocrx_word' id='word_1_82' title='bbox 480 1671 515 1739; x_wconf 92' lang='lat' dir='ltr'>in</span> <span class='ocrx_word' id='word_1_83' title='bbox 539 1671 585 1739; x_wconf 89' lang='lat' dir='ltr'>tui</span> <span class='ocrx_word' id='word_1_84' title='bbox 608 1672 847 1765; x_wconf 83' lang='lat' dir='ltr'>assumptione</span> <span class='ocrx_word' id='word_1_85' title='bbox 869 1672 1092 1744; x_wconf 88' lang='lat' dir='ltr'>miraculum.</span> <span class='ocrx_word' id='word_1_86' title='bbox 1116 1676 1214 1760; x_wconf 87' lang='lat' dir='ltr'>Quod</span> 
     </span>
     <span class='ocr_line' id='line_1_13' title="bbox 123 1794 1212 1889; baseline 0.006 -27"><span class='ocrx_word' id='word_1_87' title='bbox 123 1797 150 1863; x_wconf 91' lang='lat' dir='ltr'>si</span> <span class='ocrx_word' id='word_1_88' title='bbox 173 1797 225 1863; x_wconf 86' lang='lat' dir='ltr'>fos</span> <span class='ocrx_word' id='word_1_89' title='bbox 247 1805 342 1864; x_wconf 90' lang='lat' dir='ltr'>esset</span> <span class='ocrx_word' id='word_1_90' title='bbox 364 1795 396 1862; x_wconf 92' lang='lat' dir='ltr'>in</span> <span class='ocrx_word' id='word_1_91' title='bbox 420 1794 485 1864; x_wconf 90' lang='lat' dir='ltr'>boc</span> <span class='ocrx_word' id='word_1_92' title='bbox 511 1794 660 1889; x_wconf 88' lang='lat' dir='ltr'>amplius</span> <span class='ocrx_word' id='word_1_93' title='bbox 683 1795 878 1879; x_wconf 88' lang='lat' dir='ltr'>immorari,</span> <span class='ocrx_word' id='word_1_94' title='bbox 902 1816 983 1888; x_wconf 84' lang='lat' dir='ltr'>quae</span> <span class='ocrx_word' id='word_1_95' title='bbox 1003 1799 1042 1867; x_wconf 90' lang='lat' dir='ltr'>in</span> <span class='ocrx_word' id='word_1_96' title='bbox 1062 1808 1099 1869; x_wconf 92' lang='lat' dir='ltr'>te</span> <span class='ocrx_word' id='word_1_97' title='bbox 1120 1800 1212 1871; x_wconf 85' lang='lat' dir='ltr'>etde</span> 
     </span>
     <span class='ocr_line' id='line_1_14' title="bbox 123 1915 1212 2009; baseline 0.005 -21"><span class='ocrx_word' id='word_1_98' title='bbox 123 1931 155 1988; x_wconf 93' lang='lat' dir='ltr'>te</span> <span class='ocrx_word' id='word_1_99' title='bbox 177 1915 347 1987; x_wconf 88' lang='lat' dir='ltr'>mirabilia</span> <span class='ocrx_word' id='word_1_100' title='bbox 366 1927 466 2006; x_wconf 80' lang='lat' dir='ltr'>gesta</span> <span class='ocrx_word' id='word_1_101' title='bbox 486 1928 581 2000; x_wconf 89' lang='lat' dir='ltr'>sont,</span> <span class='ocrx_word' id='word_1_102' title='bbox 610 1918 737 1988; x_wconf 86' lang='lat' dir='ltr'>elarius</span> <span class='ocrx_word' id='word_1_103' title='bbox 753 1917 976 2009; x_wconf 86' lang='lat' dir='ltr'>explicarem.</span> <span class='ocrx_word' id='word_1_104' title='bbox 999 1921 1072 1992; x_wconf 86' lang='lat' dir='ltr'>Sed</span> <span class='ocrx_word' id='word_1_105' title='bbox 1095 1922 1146 1992; x_wconf 93' lang='lat' dir='ltr'>illi</span> <span class='ocrx_word' id='word_1_106' title='bbox 1168 1925 1212 1994; x_wconf 92' lang='lat' dir='ltr'>lo-</span> 
     </span>
     <span class='ocr_line' id='line_1_15' title="bbox 122 2039 1211 2138; baseline 0.005 -27"><span class='ocrx_word' id='word_1_107' title='bbox 122 2063 211 2132; x_wconf 91' lang='lat' dir='ltr'>quor</span> <span class='ocrx_word' id='word_1_108' title='bbox 231 2040 290 2132; x_wconf 93' lang='lat' dir='ltr'>qui</span> <span class='ocrx_word' id='word_1_109' title='bbox 313 2039 378 2108; x_wconf 90' lang='lat' dir='ltr'>boc</span> <span class='ocrx_word' id='word_1_110' title='bbox 399 2040 496 2109; x_wconf 92' lang='lat' dir='ltr'>novit</span> <span class='ocrx_word' id='word_1_111' title='bbox 517 2039 686 2132; x_wconf 86' lang='lat' dir='ltr'>apertius,</span> <span class='ocrx_word' id='word_1_112' title='bbox 718 2061 783 2110; x_wconf 87' lang='lat' dir='ltr'>nec</span> <span class='ocrx_word' id='word_1_113' title='bbox 811 2063 902 2111; x_wconf 91' lang='lat' dir='ltr'>nunc</span> <span class='ocrx_word' id='word_1_114' title='bbox 928 2062 1096 2114; x_wconf 88' lang='lat' dir='ltr'>sermone</span> <span class='ocrx_word' id='word_1_115' title='bbox 1124 2067 1211 2138; x_wconf 90' lang='lat' dir='ltr'>opus</span> 
     </span>
     <span class='ocr_line' id='line_1_16' title="bbox 121 2160 1212 2253; baseline 0.007 -23"><span class='ocrx_word' id='word_1_116' title='bbox 121 2169 176 2230; x_wconf 90' lang='lat' dir='ltr'>est</span> <span class='ocrx_word' id='word_1_117' title='bbox 202 2160 337 2231; x_wconf 90' lang='lat' dir='ltr'>blando.</span> <span class='ocrx_word' id='word_1_118' title='bbox 358 2160 594 2251; x_wconf 81' lang='lat' dir='ltr'>lngemiscens</span> <span class='ocrx_word' id='word_1_119' title='bbox 623 2170 679 2231; x_wconf 89' lang='lat' dir='ltr'>tua</span> <span class='ocrx_word' id='word_1_120' title='bbox 701 2161 814 2253; x_wconf 90' lang='lat' dir='ltr'>inquit</span> <span class='ocrx_word' id='word_1_121' title='bbox 834 2163 954 2233; x_wconf 89' lang='lat' dir='ltr'>ltalia:</span> <span class='ocrx_word' id='word_1_122' title='bbox 983 2192 999 2228; x_wconf 79' lang='lat' dir='ltr'>r</span> <span class='ocrx_word' id='word_1_123' title='bbox 1021 2165 1143 2248; x_wconf 87' lang='lat' dir='ltr'>Quum</span> <span class='ocrx_word' id='word_1_124' title='bbox 1165 2170 1212 2237; x_wconf 93' lang='lat' dir='ltr'>ul-</span> 
     </span>
     <span class='ocr_line' id='line_1_17' title="bbox 125 2282 1211 2367; baseline 0.016 -22"><span class='ocrx_word' id='word_1_125' title='bbox 125 2311 139 2345; x_wconf 85' lang='lat'>»</span> <span class='ocrx_word' id='word_1_126' title='bbox 171 2282 312 2353; x_wconf 86' lang='lat' dir='ltr'>ceribus</span> <span class='ocrx_word' id='word_1_127' title='bbox 339 2305 453 2354; x_wconf 90' lang='lat' dir='ltr'>essem</span> <span class='ocrx_word' id='word_1_128' title='bbox 486 2283 639 2354; x_wconf 86' lang='lat' dir='ltr'>sauciata</span> <span class='ocrx_word' id='word_1_129' title='bbox 671 2284 874 2367; x_wconf 76' lang='lat' dir='ltr'>mortiferis,</span> <span class='ocrx_word' id='word_1_130' title='bbox 906 2285 950 2355; x_wconf 91' lang='lat' dir='ltr'>ad</span> <span class='ocrx_word' id='word_1_131' title='bbox 980 2309 1037 2356; x_wconf 88' lang='lat' dir='ltr'>me</span> <span class='ocrx_word' id='word_1_132' title='bbox 1067 2299 1104 2360; x_wconf 90' lang='lat' dir='ltr'>et</span> <span class='ocrx_word' id='word_1_133' title='bbox 1140 2313 1211 2362; x_wconf 87' lang='lat' dir='ltr'>rnea</span> 
     </span>
     <span class='ocr_line' id='line_1_18' title="bbox 125 2405 1209 2489; baseline 0.003 -16"><span class='ocrx_word' id='word_1_134' title='bbox 125 2431 139 2464; x_wconf 78' lang='lat' dir='ltr'>u</span> <span class='ocrx_word' id='word_1_135' title='bbox 168 2427 292 2477; x_wconf 86' lang='lat' dir='ltr'>curare</span> <span class='ocrx_word' id='word_1_136' title='bbox 318 2408 464 2478; x_wconf 89' lang='lat' dir='ltr'>vulnera</span> <span class='ocrx_word' id='word_1_137' title='bbox 490 2405 719 2489; x_wconf 86' lang='lat' dir='ltr'>descendisti,</span> <span class='ocrx_word' id='word_1_138' title='bbox 757 2418 793 2477; x_wconf 92' lang='lat' dir='ltr'>et</span> <span class='ocrx_word' id='word_1_139' title='bbox 822 2430 900 2478; x_wconf 90' lang='lat' dir='ltr'>cum</span> <span class='ocrx_word' id='word_1_140' title='bbox 936 2408 1039 2479; x_wconf 87' lang='lat' dir='ltr'>Petro</span> <span class='ocrx_word' id='word_1_141' title='bbox 1064 2409 1209 2482; x_wconf 81' lang='lat' dir='ltr'>dixisti:</span> 
     </span>
     <span class='ocr_line' id='line_1_19' title="bbox 124 2527 1211 2625; baseline 0.009 -30"><span class='ocrx_word' id='word_1_142' title='bbox 124 2554 139 2590; x_wconf 80' lang='lat' dir='ltr'>n</span> <span class='ocrx_word' id='word_1_143' title='bbox 167 2548 234 2617; x_wconf 82' lang='lat' dir='ltr'>ego</span> <span class='ocrx_word' id='word_1_144' title='bbox 249 2550 326 2600; x_wconf 89' lang='lat' dir='ltr'>sum</span> <span class='ocrx_word' id='word_1_145' title='bbox 341 2529 528 2625; x_wconf 80' lang='lat' dir='ltr'>Apostolus</span> <span class='ocrx_word' id='word_1_146' title='bbox 551 2528 688 2613; x_wconf 89' lang='lat' dir='ltr'>Christi,</span> <span class='ocrx_word' id='word_1_147' title='bbox 713 2528 806 2598; x_wconf 82' lang='lat' dir='ltr'>nihil-</span> <span class='ocrx_word' id='word_1_148' title='bbox 822 2529 854 2598; x_wconf 91' lang='lat' dir='ltr'>in</span> <span class='ocrx_word' id='word_1_149' title='bbox 876 2550 931 2598; x_wconf 89' lang='lat' dir='ltr'>me</span> <span class='ocrx_word' id='word_1_150' title='bbox 954 2527 1023 2601; x_wconf 88' lang='lat' dir='ltr'>lilia</span> <span class='ocrx_word' id='word_1_151' title='bbox 1044 2553 1128 2603; x_wconf 90' lang='lat' dir='ltr'>mea</span> <span class='ocrx_word' id='word_1_152' title='bbox 1151 2556 1211 2605; x_wconf 89' lang='lat' dir='ltr'>ve-</span> 
     </span>
     <span class='ocr_line' id='line_1_20' title="bbox 123 2650 1210 2747; baseline 0.008 -31"><span class='ocrx_word' id='word_1_153' title='bbox 123 2674 138 2708; x_wconf 82' lang='lat'>»</span> <span class='ocrx_word' id='word_1_154' title='bbox 169 2671 247 2721; x_wconf 90' lang='lat' dir='ltr'>rere</span> <span class='ocrx_word' id='word_1_155' title='bbox 262 2680 269 2720; x_wconf 80' lang='grc' dir='ltr'><strong>ι</strong></span> <span class='ocrx_word' id='word_1_156' title='bbox 286 2664 322 2723; x_wconf 90' lang='lat' dir='ltr'>et</span> <span class='ocrx_word' id='word_1_157' title='bbox 343 2654 509 2746; x_wconf 89' lang='lat' dir='ltr'>incipiens</span> <span class='ocrx_word' id='word_1_158' title='bbox 528 2654 647 2723; x_wconf 91' lang='lat' dir='ltr'>vinum</span> <span class='ocrx_word' id='word_1_159' title='bbox 669 2663 705 2722; x_wconf 90' lang='lat' dir='ltr'>ct</span> <span class='ocrx_word' id='word_1_160' title='bbox 729 2653 844 2722; x_wconf 91' lang='lat' dir='ltr'>oleum</span> <span class='ocrx_word' id='word_1_161' title='bbox 868 2650 1068 2735; x_wconf 82' lang='lat' dir='ltr'>infundere,</span> <span class='ocrx_word' id='word_1_162' title='bbox 1094 2655 1210 2747; x_wconf 81' lang='lat' dir='ltr'>plagis</span> 
     </span>
     <span class='ocr_line' id='line_1_21' title="bbox 125 2771 1210 2864; baseline 0.009 -26"><span class='ocrx_word' id='word_1_163' title='bbox 125 2797 140 2831; x_wconf 78' lang='lat' dir='ltr'>n</span> <span class='ocrx_word' id='word_1_164' title='bbox 171 2774 257 2843; x_wconf 87' lang='lat' dir='ltr'>meis</span> <span class='ocrx_word' id='word_1_165' title='bbox 279 2775 430 2846; x_wconf 90' lang='lat' dir='ltr'>nondum</span> <span class='ocrx_word' id='word_1_166' title='bbox 452 2776 700 2864; x_wconf 80' lang='lat' dir='ltr'>circumligatis</span> <span class='ocrx_word' id='word_1_167' title='bbox 717 2787 752 2844; x_wconf 90' lang='lat' dir='ltr'>et</span> <span class='ocrx_word' id='word_1_168' title='bbox 774 2771 1002 2845; x_wconf 86' lang='lat' dir='ltr'>medicamine</span> <span class='ocrx_word' id='word_1_169' title='bbox 1028 2774 1130 2859; x_wconf 88' lang='lat' dir='ltr'>totis,</span> <span class='ocrx_word' id='word_1_170' title='bbox 1156 2799 1210 2848; x_wconf 76' lang='lat' dir='ltr'>rc-</span> 
     </span>
     <span class='ocr_line' id='line_1_22' title="bbox 116 2889 1208 2985; baseline 0.012 -29"><span class='ocrx_word' id='word_1_171' title='bbox 116 2898 141 2956; x_wconf 81' lang='lat'>·»</span> <span class='ocrx_word' id='word_1_172' title='bbox 168 2889 264 2963; x_wconf 89' lang='lat' dir='ltr'>cedis</span> <span class='ocrx_word' id='word_1_173' title='bbox 285 2914 387 2964; x_wconf 91' lang='lat' dir='ltr'>ame.</span> <span class='ocrx_word' id='word_1_174' title='bbox 411 2896 563 2965; x_wconf 91' lang='lat' dir='ltr'>Tentasti</span> <span class='ocrx_word' id='word_1_175' title='bbox 587 2894 723 2985; x_wconf 88' lang='lat' dir='ltr'>putrida</span> <span class='ocrx_word' id='word_1_176' title='bbox 750 2896 902 2967; x_wconf 88' lang='lat' dir='ltr'>recidere</span> <span class='ocrx_word' id='word_1_177' title='bbox 923 2895 1027 2978; x_wconf 87' lang='lat' dir='ltr'>ferro,</span> <span class='ocrx_word' id='word_1_178' title='bbox 1058 2906 1098 2966; x_wconf 91' lang='lat' dir='ltr'>et</span> <span class='ocrx_word' id='word_1_179' title='bbox 1123 2897 1208 2969; x_wconf 91' lang='lat' dir='ltr'>dum</span> 
     </span>
     <span class='ocr_line' id='line_1_23' title="bbox 125 3013 1209 3112; baseline 0.012 -34"><span class='ocrx_word' id='word_1_180' title='bbox 125 3043 139 3079; x_wconf 77' lang='lat' dir='ltr'>l</span> <span class='ocrx_word' id='word_1_181' title='bbox 169 3013 252 3087; x_wconf 92' lang='lat' dir='ltr'>illud</span> <span class='ocrx_word' id='word_1_182' title='bbox 272 3016 477 3108; x_wconf 89' lang='lat' dir='ltr'>profundius</span> <span class='ocrx_word' id='word_1_183' title='bbox 498 3017 754 3106; x_wconf 79' lang='lat' dir='ltr'>impressisseS,</span> <span class='ocrx_word' id='word_1_184' title='bbox 773 3018 935 3090; x_wconf 86' lang='lat' dir='ltr'>invenisti</span> <span class='ocrx_word' id='word_1_185' title='bbox 957 3016 1104 3088; x_wconf 91' lang='lat' dir='ltr'>forsitan</span> <span class='ocrx_word' id='word_1_186' title='bbox 1126 3040 1209 3112; x_wconf 84' lang='lat' dir='ltr'>quae</span> 
     </span>
     <span class='ocr_line' id='line_1_24' title="bbox 124 3135 1210 3213; baseline 0.004 -4"><span class='ocrx_word' id='word_1_187' title='bbox 124 3168 139 3200; x_wconf 64' lang='grc' dir='ltr'>»ι</span> <span class='ocrx_word' id='word_1_188' title='bbox 171 3137 230 3210; x_wconf 91' lang='lat' dir='ltr'>tibi</span> <span class='ocrx_word' id='word_1_189' title='bbox 251 3135 452 3208; x_wconf 78' lang='lat' dir='ltr'>incurabilia</span> <span class='ocrx_word' id='word_1_190' title='bbox 473 3138 550 3208; x_wconf 90' lang='lat' dir='ltr'>visa</span> <span class='ocrx_word' id='word_1_191' title='bbox 569 3147 659 3207; x_wconf 89' lang='lat' dir='ltr'>sunt.</span> <span class='ocrx_word' id='word_1_192' title='bbox 680 3138 723 3207; x_wconf 83' lang='lat' dir='ltr'>Et</span> <span class='ocrx_word' id='word_1_193' title='bbox 743 3139 789 3209; x_wconf 93' lang='lat' dir='ltr'>ob</span> <span class='ocrx_word' id='word_1_194' title='bbox 811 3141 876 3212; x_wconf 91' lang='lat' dir='ltr'>boc</span> <span class='ocrx_word' id='word_1_195' title='bbox 896 3143 1046 3213; x_wconf 88' lang='lat' dir='ltr'>fortasse</span> <span class='ocrx_word' id='word_1_196' title='bbox 1066 3162 1125 3212; x_wconf 93' lang='lat' dir='ltr'>me</span> <span class='ocrx_word' id='word_1_197' title='bbox 1146 3142 1210 3213; x_wconf 87' lang='lat' dir='ltr'>de-</span> 
     </span>
     <span class='ocr_line' id='line_1_25' title="bbox 125 3258 1208 3354; baseline 0.004 -22"><span class='ocrx_word' id='word_1_198' title='bbox 125 3290 140 3324; x_wconf 80' lang='lat'>»</span> <span class='ocrx_word' id='word_1_199' title='bbox 171 3264 259 3333; x_wconf 90' lang='lat' dir='ltr'>seris</span> <span class='ocrx_word' id='word_1_200' title='bbox 289 3258 506 3353; x_wconf 83' lang='lat' dir='ltr'>desperantis</span> <span class='ocrx_word' id='word_1_201' title='bbox 536 3282 631 3330; x_wconf 88' lang='lat' dir='ltr'>more</span> <span class='ocrx_word' id='word_1_202' title='bbox 654 3261 796 3343; x_wconf 88' lang='lat' dir='ltr'>medici,</span> <span class='ocrx_word' id='word_1_203' title='bbox 819 3263 879 3354; x_wconf 92' lang='lat' dir='ltr'>qni</span> <span class='ocrx_word' id='word_1_204' title='bbox 900 3269 1088 3353; x_wconf 77' lang='lat' dir='ltr'>expectare</span> <span class='ocrx_word' id='word_1_205' title='bbox 1110 3285 1208 3336; x_wconf 86' lang='lat' dir='ltr'>mor-</span> 
     </span>
     <span class='ocr_line' id='line_1_26' title="bbox 125 3379 1212 3478; baseline 0.004 -27"><span class='ocrx_word' id='word_1_206' title='bbox 125 3410 139 3444; x_wconf 77' lang='lat'>»</span> <span class='ocrx_word' id='word_1_207' title='bbox 170 3393 239 3453; x_wconf 90' lang='lat' dir='ltr'>tem</span> <span class='ocrx_word' id='word_1_208' title='bbox 260 3381 435 3454; x_wconf 87' lang='lat' dir='ltr'>erubescit</span> <span class='ocrx_word' id='word_1_209' title='bbox 468 3380 602 3470; x_wconf 78' lang='lat' dir='ltr'>aegroti.</span> <span class='ocrx_word' id='word_1_210' title='bbox 630 3379 699 3450; x_wconf 91' lang='lat' dir='ltr'>Sed</span> <span class='ocrx_word' id='word_1_211' title='bbox 721 3381 800 3473; x_wconf 91' lang='lat' dir='ltr'>quis</span> <span class='ocrx_word' id='word_1_212' title='bbox 823 3383 887 3453; x_wconf 89' lang='lat' dir='ltr'>scit</span> <span class='ocrx_word' id='word_1_213' title='bbox 909 3384 937 3451; x_wconf 87' lang='lat' dir='ltr'>si</span> <span class='ocrx_word' id='word_1_214' title='bbox 960 3393 1074 3452; x_wconf 88' lang='lat' dir='ltr'>tecum</span> <span class='ocrx_word' id='word_1_215' title='bbox 1099 3403 1212 3478; x_wconf 88' lang='lat' dir='ltr'>super</span> 
     </span>
     <span class='ocr_line' id='line_1_27' title="bbox 124 3501 1211 3599; baseline 0.01 -31"><span class='ocrx_word' id='word_1_216' title='bbox 124 3534 139 3568; x_wconf 82' lang='lat' dir='ltr'>tt</span> <span class='ocrx_word' id='word_1_217' title='bbox 168 3528 223 3576; x_wconf 90' lang='lat' dir='ltr'>mo</span> <span class='ocrx_word' id='word_1_218' title='bbox 242 3513 391 3599; x_wconf 88' lang='lat' dir='ltr'>apponet</span> <span class='ocrx_word' id='word_1_219' title='bbox 408 3522 507 3573; x_wconf 88' lang='lat' dir='ltr'>suam</span> <span class='ocrx_word' id='word_1_220' title='bbox 531 3501 586 3571; x_wconf 89' lang='lat' dir='ltr'>ille</span> <span class='ocrx_word' id='word_1_221' title='bbox 608 3525 765 3586; x_wconf 90' lang='lat' dir='ltr'>manum,</span> <span class='ocrx_word' id='word_1_222' title='bbox 787 3505 846 3594; x_wconf 90' lang='lat' dir='ltr'>qui</span> <span class='ocrx_word' id='word_1_223' title='bbox 874 3504 919 3574; x_wconf 89' lang='lat' dir='ltr'>ab</span> <span class='ocrx_word' id='word_1_224' title='bbox 945 3502 1109 3576; x_wconf 89' lang='lat' dir='ltr'>omnibus</span> <span class='ocrx_word' id='word_1_225' title='bbox 1132 3509 1211 3578; x_wconf 92' lang='lat' dir='ltr'>lan-</span> 
     </span>
     <span class='ocr_line' id='line_1_28' title="bbox 123 3622 1209 3717; baseline 0.006 -21"><span class='ocrx_word' id='word_1_226' title='bbox 123 3654 138 3687; x_wconf 75' lang='lat'>»</span> <span class='ocrx_word' id='word_1_227' title='bbox 167 3627 336 3717; x_wconf 81' lang='lat' dir='ltr'>guoribus</span> <span class='ocrx_word' id='word_1_228' title='bbox 356 3624 501 3699; x_wconf 89' lang='lat' dir='ltr'>curabat</span> <span class='ocrx_word' id='word_1_229' title='bbox 522 3622 704 3695; x_wconf 81' lang='lat' dir='ltr'>infirmos?</span> <span class='ocrx_word' id='word_1_230' title='bbox 729 3625 815 3708; x_wconf 83' lang='lat' dir='ltr'>Quis</span> <span class='ocrx_word' id='word_1_231' title='bbox 838 3628 936 3698; x_wconf 91' lang='lat' dir='ltr'>novit</span> <span class='ocrx_word' id='word_1_232' title='bbox 957 3628 985 3698; x_wconf 92' lang='lat' dir='ltr'>si</span> <span class='ocrx_word' id='word_1_233' title='bbox 1013 3626 1069 3697; x_wconf 91' lang='lat' dir='ltr'>ille</span> <span class='ocrx_word' id='word_1_234' title='bbox 1088 3636 1209 3702; x_wconf 88' lang='lat' dir='ltr'>tecum</span> 
     </span>
     <span class='ocr_line' id='line_1_29' title="bbox 123 3745 1210 3842; baseline 0.01 -27"><span class='ocrx_word' id='word_1_235' title='bbox 123 3775 137 3805; x_wconf 71' lang='lat' dir='ltr'>u</span> <span class='ocrx_word' id='word_1_236' title='bbox 167 3749 369 3830; x_wconf 67' lang='lat' dir='ltr'>mitonins</span> <span class='ocrx_word' id='word_1_237' title='bbox 395 3745 541 3819; x_wconf 87' lang='lat' dir='ltr'>verbum</span> <span class='ocrx_word' id='word_1_238' title='bbox 561 3747 717 3819; x_wconf 88' lang='lat' dir='ltr'>membra</span> <span class='ocrx_word' id='word_1_239' title='bbox 746 3749 892 3837; x_wconf 88' lang='lat' dir='ltr'>sanabat</span> <span class='ocrx_word' id='word_1_240' title='bbox 918 3752 1088 3842; x_wconf 76' lang='lat' dir='ltr'>aegrotis?</span> <span class='ocrx_word' id='word_1_241' title='bbox 1108 3753 1210 3826; x_wconf 86' lang='lat' dir='ltr'>Illius</span> 
     </span>
     <span class='ocr_line' id='line_1_30' title="bbox 120 3869 1209 3961; baseline 0.015 -28"><span class='ocrx_word' id='word_1_242' title='bbox 120 3896 134 3927; x_wconf 78' lang='lat' dir='ltr'>l</span> <span class='ocrx_word' id='word_1_243' title='bbox 166 3869 279 3938; x_wconf 86' lang='lat' dir='ltr'>vicem</span> <span class='ocrx_word' id='word_1_244' title='bbox 298 3872 407 3961; x_wconf 82' lang='lat' dir='ltr'>geris,</span> <span class='ocrx_word' id='word_1_245' title='bbox 432 3870 531 3940; x_wconf 89' lang='lat' dir='ltr'>istius</span> <span class='ocrx_word' id='word_1_246' title='bbox 558 3890 742 3941; x_wconf 86' lang='lat' dir='ltr'>successor</span> <span class='ocrx_word' id='word_1_247' title='bbox 771 3871 917 3952; x_wconf 85' lang='lat' dir='ltr'>existis;</span> <span class='ocrx_word' id='word_1_248' title='bbox 945 3876 1063 3943; x_wconf 86' lang='lat' dir='ltr'>claves</span> <span class='ocrx_word' id='word_1_249' title='bbox 1091 3873 1209 3949; x_wconf 86' lang='lat' dir='ltr'>habes</span> 
     </span>
     <span class='ocr_line' id='line_1_31' title="bbox 121 3991 1208 4087; baseline 0.009 -26"><span class='ocrx_word' id='word_1_250' title='bbox 121 4021 134 4052; x_wconf 75' lang='lat' dir='ltr'>u</span> <span class='ocrx_word' id='word_1_251' title='bbox 165 3991 263 4083; x_wconf 74' lang='lat' dir='ltr'>regni</span> <span class='ocrx_word' id='word_1_252' title='bbox 282 3991 459 4063; x_wconf 76' lang='lat' dir='ltr'>coelorum.</span> <span class='ocrx_word' id='word_1_253' title='bbox 481 3993 554 4065; x_wconf 90' lang='lat' dir='ltr'>Sub</span> <span class='ocrx_word' id='word_1_254' title='bbox 574 4004 607 4066; x_wconf 88' lang='lat' dir='ltr'>te</span> <span class='ocrx_word' id='word_1_255' title='bbox 629 4003 685 4065; x_wconf 92' lang='lat' dir='ltr'>est</span> <span class='ocrx_word' id='word_1_256' title='bbox 705 4007 892 4087; x_wconf 89' lang='lat' dir='ltr'>utrumque</span> <span class='ocrx_word' id='word_1_257' title='bbox 914 3994 1107 4087; x_wconf 88' lang='lat' dir='ltr'>imperium:</span> <span class='ocrx_word' id='word_1_258' title='bbox 1132 4005 1208 4070; x_wconf 90' lang='lat' dir='ltr'>ter-</span> 
     </span>
     <span class='ocr_line' id='line_1_32' title="bbox 122 4112 1207 4209; baseline 0.015 -34"><span class='ocrx_word' id='word_1_259' title='bbox 122 4143 135 4175; x_wconf 76' lang='lat' dir='ltr'>l</span> <span class='ocrx_word' id='word_1_260' title='bbox 166 4136 326 4187; x_wconf 82' lang='lat' dir='ltr'>renonum</span> <span class='ocrx_word' id='word_1_261' title='bbox 340 4112 524 4209; x_wconf 82' lang='lat' dir='ltr'>utriusque.</span> <span class='ocrx_word' id='word_1_262' title='bbox 543 4118 757 4209; x_wconf 89' lang='lat' dir='ltr'>principatus</span> <span class='ocrx_word' id='word_1_263' title='bbox 785 4116 828 4188; x_wconf 86' lang='lat' dir='ltr'>ad</span> <span class='ocrx_word' id='word_1_264' title='bbox 852 4125 884 4186; x_wconf 86' lang='lat' dir='ltr'>tc</span> <span class='ocrx_word' id='word_1_265' title='bbox 905 4118 1114 4205; x_wconf 79' lang='lat' dir='ltr'>pervenitis</span> <span class='ocrx_word' id='word_1_266' title='bbox 1131 4140 1207 4208; x_wconf 88' lang='lat' dir='ltr'>me,</span> 
     </span>
    </p>
   </div>
   <div class='ocr_carea' id='block_1_3' title="bbox 0 0 1340 4688">
    <p class='ocr_par' dir='ltr' id='par_1_3' title="bbox 0 0 1340 4688">
     <span class='ocr_line' id='line_1_33' title="bbox 0 0 1340 4688; baseline 0 2"><span class='ocrx_word' id='word_1_267' title='bbox 0 0 1340 4688; x_wconf 95' lang='lat' dir='ltr'> </span> 
     </span>
    </p>
   </div>
  </div>
 </body>
</html>
