2834 5086
167 671 225 729 3ῖκ
620 686 780 735 ianuarii

166 851 244 899 eum
264 830 440 902 Ludoiico
459 841 495 901 el
514 831 670 905 Gerardo
689 834 795 903 lratrc
815 830 919 902 hodie
939 832 994 901 tel
1016 850 1095 901 cras
1119 828 1238 923 hospi-

167 966 219 1023 tes
241 954 386 1037 babere,
406 966 440 1025 et
462 955 618 1026 sitientes
638 954 684 1026 ad
704 956 818 1025 rivum
839 954 942 1025 lontis
963 953 1049 1035 mei,
1070 954 1136 1022 iam
1157 952 1237 1022 istic

164 1077 451 1169 degenerantem,
479 1077 541 1149 sed
564 1076 679 1149 adhuc
702 1077 843 1171 quidem
869 1076 1015 1167 originis
1041 1094 1114 1147 suae
1134 1074 1234 1165 signa

164 1211 375 1290 gestantem,
404 1198 578 1271 inducere.
603 1200 776 1293 Peponem
803 1200 971 1293 optimum
1004 1220 1073 1269 non
1101 1194 1233 1268 comedi

164 1324 227 1394 sed
247 1323 433 1394 devorari:
453 1322 589 1393 nemine
607 1324 641 1393 in
661 1334 794 1415 partem
809 1322 972 1405 admisso,
988 1332 1115 1416 praeter
1127 1318 1234 1415 Nym·

165 1445 286 1537 pham,
305 1445 406 1541 pictis
428 1446 494 1515 iam
514 1455 595 1515 tunc
617 1443 765 1538 pedibus
781 1445 926 1515 deorum
947 1444 1110 1515 convivia
1129 1439 1236 1512 medi-

166 1579 312 1661 tantem,
337 1582 373 1639 et
396 1568 545 1663 Neptuni
575 1568 715 1660 nuptias
747 1580 808 1639 aut
833 1566 934 1639 Nerei
967 1580 1027 1639 aut
1058 1565 1237 1637 Tritonum

164 1688 344 1783 obsequia.
362 1703 398 1762 et
418 1693 446 1761 si
468 1691 553 1782 quid
574 1694 629 1762 vel
653 1691 816 1784 aequorei
838 1694 892 1762 rel
913 1690 1066 1761 lluniinei
1086 1685 1238 1759 numinis

166 1836 313 1907 usquam
332 1825 398 1885 cst.

284 1984 418 2047 Discolor
435 1994 468 2047 ut
486 1984 628 2065 Nympha
645 1986 742 2063 tetigit
759 1984 886 2061 vestigia
902 1984 1002 2064 pellis,

282 2082 402 2145 lectior
418 2092 448 2145 et
463 2085 581 2145 cunctis
597 2084 690 2147 nimis
707 2082 857 2145 invidiosa
872 2082 995 2161 puellis,

283 2180 382 2243 Nescit
399 2182 510 2244 trabere
527 2182 642 2257 locum,
658 2183 771 2261 refugit
788 2184 846 2245 suli
861 2184 990 2245 claustra
1006 2180 1132 2243 reverti.

285 2282 320 2340 lit
338 2280 392 2343 tihi
410 2281 555 2361 purpurei
573 2281 667 2343 decus
683 2281 795 2344 addidit
812 2280 923 2343 innuba
941 2278 1030 2353 serti,

287 2378 389 2457 Teque
406 2395 459 2459 per
476 2394 550 2441 arra
566 2394 676 2441 canens
695 2380 797 2441 iarios
813 2378 885 2456 legit
903 2376 1036 2455 undiquc
1053 2378 1157 2452 llorcs,

285 2479 321 2538 lit
338 2477 424 2539 timet
441 2478 602 2541 tinnientes
619 2478 745 2557 pedibus
762 2477 875 2541 calearc
892 2491 1022 2538 sorores.

557 2926 732 2989 aristoni
754 2927 847 2990 XXXl.

225 3093 417 3142 l'lttxfflsct's
440 3093 606 3141 l‘ETltattct
631 3094 819 3141 ranunculum
841 3093 1039 3141 lllllffsra:
1060 3092 1086 3140 S.
1109 3094 1136 3141 Ρ.
1159 3094 1189 3143 ll.

168 3224 282 3277 lircusat
297 3240 326 3277 se
342 3223 416 3293 quod
433 3222 597 3275 valetudinis
611 3238 693 3274 rausa
706 3222 851 3275 Pisaurum
871 3238 926 3293 quo
940 3221 975 3275 ali
993 3236 1026 3275 eo
1044 3220 1237 3287 advocabatur,

257 3330 313 3367 non
332 3314 421 3366 adeat.
443 3312 561 3365 Nuuciat
584 3328 614 3365 su
638 3312 665 3365 in
691 3310 805 3365 collibus
826 3310 962 3381 Eupuiieis
984 3310 1129 3365 rusticari:
1151 3315 1179 3363 et
1199 3306 1238 3363 de

254 3408 344 3456 morte
361 3401 454 3456 uxoris
470 3402 530 3455 eius
544 3401 647 3473 aliquid
663 3402 761 3455 innuit.

263 3654 391 3725 Littera
420 3666 549 3737 vestra,
584 3677 653 3747 qua
682 3657 729 3725 nil
763 3656 908 3725 suavius
939 3654 1083 3745 eogitari
1108 3661 1237 3746 potest,

168 3774 341 3865 ingentem
360 3778 441 3847 mihi
464 3779 617 3849 laetitiam
640 3778 674 3847 in
695 3777 855 3849 aduersis
875 3778 989 3848 attulit
1009 3798 1050 3847 ac
1070 3779 1239 3857 solamen,

165 3899 326 3986 quamvis
347 3922 476 3971 novum
494 3924 578 3971 vere
600 3900 683 3971 nihil
703 3901 865 3971 attulerit.
884 3900 961 3971 Scio
981 3900 1073 3969 enim
1094 3897 1139 3971 ab
1154 3898 1240 3969 olim

167 4040 226 4090 eor
250 4041 335 4112 erga
362 4046 416 4093 mc
443 4038 613 4105 vestrum,
635 4034 670 4093 et
690 4022 904 4095 allectionem
925 4022 1017 4092 illam
1044 4021 1243 4093 sincerissi-

168 4164 274 4223 mam,
304 4164 372 4214 non
397 4148 535 4237 qualem
566 4145 611 4217 ad
637 4144 812 4216 subiectos
836 4143 983 4227 domini,
1009 4142 1072 4214 sed
1098 4142 1241 4237 qualem

167 4262 226 4335 lilii
245 4265 468 4361 adparentes
490 4266 631 4349 habent,
653 4270 720 4351 rel,
740 4268 833 4361 quod
857 4280 912 4338 cst
940 4264 1196 4347 vehementius,
1219 4286 1244 4339 o

167 4390 529 4471 eoui·erso.l'enirem,
545 4390 661 4471 fateor,
679 4387 825 4459 libenter
837 4409 905 4459 non
924 4396 1066 4482 propter
1086 4386 1244 4479 aliquem

168 4518 296 4579 motum
315 4512 447 4591 mortis,
468 4510 529 4583 sed
551 4524 689 4603 propter
710 4513 883 4583 intensum
904 4531 967 4581 ros
986 4508 1125 4582 ridendi
1145 4508 1245 4581 desi-
