2670 4688
250 127 343 178 unaa
363 121 891 178 rrenssuusrmrus.-nr1sronn
913 122 963 171 xr.
1085 104 1146 167 229

10 258 217 349 fideliter
232 275 350 348 horter
369 284 475 369 atque
495 294 654 364 arguam.
676 272 740 343 Tui
759 281 875 344 autem
896 280 1014 343 certus
1034 270 1145 343 aliena

10 405 100 467 Qt
123 399 317 494 praesertim
338 400 426 469 salsa
443 396 569 467 iudicia
587 393 819 489 parvipendo,
837 406 873 466 et
891 395 919 465 si
939 397 1031 467 ouiia
1049 397 1147 467 inno·

18 525 180 594 centia
214 531 308 594 tanta
340 532 396 592 est
420 540 501 612 quae
534 514 862 614 reprehensionibus
895 527 1026 600 cureat,
1058 520 1148 587 maio

24 645 287 732 procacitatis
308 665 385 715 mea
417 639 520 724 fides,
551 662 657 734 quarn
696 637 853 732 perfidiae
890 639 1066 710 siientiurn
1094 661 1148 710 re·

35 766 315 856 prehendatur.
336 763 506 847 Quamvis
529 761 611 832 mihi
632 759 770 854 quidem
793 781 881 854 pene
901 760 970 829 iam
991 760 1074 830 nihii
1094 773 1151 833 est

52 888 214 980 reliqui:
235 885 448 957 exhausisse
478 884 632 956 animum
659 883 794 969 videor,
819 881 976 975 dumque
997 891 1030 954 te
1050 894 1149 955 tuum

62 1010 104 1079 in
125 1009 260 1094 solium,
282 1010 412 1090 Caesar,
431 1029 530 1093 voco,
551 1026 668 1079 raucae
685 1009 786 1079 factae
804 1017 887 1079 sunt
903 1008 1023 1077 fauces
1044 1027 1148 1079 meae:

63 1134 117 1204 nil
150 1133 218 1205 iam
250 1133 381 1223 lingua,
416 1131 462 1201 nii
495 1132 666 1212 calamus,
701 1142 828 1224 spretae
859 1130 984 1201 totiens
1010 1151 1148 1222 preces,

63 1258 158 1326 fusae
190 1275 315 1338 voees,
349 1254 512 1326 areiaotae
549 1254 714 1338 lacrimae,
748 1263 955 1346 consumpta
976 1251 1149 1345 suspiria:

68 1381 146 1449 solo
167 1376 272 1449 eorde
296 1377 364 1448 iam
391 1379 523 1469 loquor.
550 1374 620 1446 Sed
645 1396 749 1468 spero
777 1396 831 1445 me
855 1374 979 1446 audias
1007 1396 1151 1445 raucum

69 1502 150 1573 licet
168 1523 210 1571 ae
230 1501 394 1572 tacitum:
416 1498 500 1570 dum
525 1496 636 1588 magis
656 1498 750 1568 enim
773 1506 889 1570 iacere
910 1496 1043 1580 videor,
1071 1508 1152 1568 tunc

68 1628 173 1697 altius
194 1627 328 1718 loquor,
357 1633 460 1716 teque
485 1620 612 1694 diebus
641 1643 682 1693 ac
715 1621 875 1692 noctibus
901 1620 1063 1706 obsecro,
1091 1622 1153 1693 ob-

71 1757 196 1832 testor,
219 1747 355 1831 adiuro,
378 1744 529 1840 increpo.
557 1745 607 1814 ita
627 1765 714 1814 vero
736 1742 819 1812 mihi
845 1740 971 1813 oceidit
997 1754 1034 1814 ut
1059 1745 1153 1814 sesso

71 1869 215 1955 amanti,
229 1870 284 1940 eni
298 1868 515 1961 consumptis
531 1864 696 1937 omnibus
712 1886 793 1957 quae
810 1863 855 1937 ad
872 1863 1152 1959 persuadendum

72 1994 223 2072 valeant,
247 1991 360 2061 solum
387 1990 420 2060 in
442 1987 560 2072 labiis,
587 1988 727 2081 iamque
747 2009 812 2059 nee
838 1986 871 2059 in
902 1986 1011 2070 labiis,
1034 1987 1098 2059 sed
1119 1987 1156 2057 inw

72 2113 283 2205 praecordiis,
298 2110 402 2181 amati
417 2132 542 2185 nomen
561 2122 671 2182 sonat.
691 2111 735 2184 Et
753 2112 889 2182 mihies
907 2113 974 2183 tuis
992 2111 1153 2183 omnibus

73 2236 139 2306 hoe
161 2256 266 2304 uourn
289 2243 459 2328 superest,
483 2244 519 2303 ut
540 2244 574 2303 ie
595 2234 629 2301 in
652 2233 767 2304 animo
789 2234 982 2304 habeamus
1003 2234 1155 2304 numinis

72 2357 197 2437 instar,
233 2351 295 2423 sed
328 2353 443 2423 aversi
468 2365 505 2423 et
530 2361 669 2423 nostras
695 2355 854 2423 miserias
887 2376 956 2424 non
988 2356 1153 2425 curantis.

73 2474 175 2559 Quod
197 2473 330 2565 siquid
351 2482 408 2545 est
431 2473 589 2567 spiritus,
617 2474 701 2544 nihil
727 2483 783 2545 est
803 2472 952 2558 artificii,
974 2474 1040 2544 nisi
1062 2474 1154 2567 quod

73 2596 176 2668 adusi
196 2608 232 2668 et
252 2596 428 2690 supplices
454 2616 523 2667 non
548 2599 656 2669 semei
680 2597 744 2668 sed
765 2598 889 2670 rniiiies
917 2607 948 2668 ne
975 2619 1154 2671 vocamus.

73 2721 138 2792 Est
158 2719 216 2791 ubi
243 2720 329 2791 artis
356 2722 528 2792 inlocum
556 2721 661 2795 nudae
685 2745 791 2794 voees
825 2738 929 2816 atque
960 2724 1048 2796 adeo
1073 2723 1156 2794 nudi

74 2841 225 2914 subeant
244 2843 402 2928 adonius,
424 2854 460 2915 et
479 2865 598 2916 carum
627 2865 751 2917 nomen
778 2847 908 2940 saepius
934 2847 1083 2917 iterasse
1108 2848 1158 2915 ei·
1201 2869 1212 2879 ·

75 2963 323 3036 densissimum
349 2966 395 3039 ed
421 2966 634 3041 movendum
661 2967 796 3039 animos
822 2969 1003 3040 habeatur.
1029 2970 1057 3037 0
1084 2969 1159 3059 gio·

75 3086 269 3181 riesissime
283 3088 409 3172 Caesar,
428 3100 547 3183 patere
564 3090 678 3183 aequis
696 3089 851 3173 auribus,
870 3091 1026 3183 aequiore
1042 3088 1159 3161 animo

74 3207 369 3301 importunitatem
404 3220 572 3294 nostram,
611 3235 727 3305 neque
757 3219 790 3282 te
823 3233 917 3308 saepe
949 3209 1159 3283 vocantibus

73 3331 249 3420 irascaris.
285 3331 376 3402 Satis
409 3343 465 3404 est
493 3333 651 3429 supplicii
684 3355 754 3405 non
788 3334 912 3406 audiri.
946 3335 1085 3404 Clarum
1119 3353 1160 3404 ue

75 3472 186 3524 suave
208 3474 332 3524 nomen
357 3464 413 3524 est
437 3455 571 3540 Caesar,
592 3438 864 3549 uerendumque
888 3453 1053 3527 omnibns
1074 3474 1161 3545 gen-

75 3573 168 3647 tibus
189 3597 230 3646 ac
251 3574 413 3668 regibus:
433 3574 535 3647 nobis
554 3600 641 3649 vero
662 3581 766 3650 etiam
791 3580 954 3649 salutare.
974 3576 1055 3648 Sine
1075 3574 1161 3649 iilud

75 3701 111 3770 in
132 3711 252 3771 nostro
272 3720 333 3770 ore
353 3698 569 3781 dulcescere,
590 3719 654 3769 seu
670 3698 755 3770 iilud
771 3701 973 3780 eiamantes,
990 3719 1052 3770 sen
1067 3697 1160 3770 taciti

75 3819 302 3905 invocemus;
325 3822 405 3894 audi
428 3823 482 3893 vei
505 3819 541 3911 ip
563 3821 700 3892 silentio
721 3831 860 3893 tuorum
880 3840 997 3893 voces.
1020 3822 1093 3892 Tua
1115 3832 1157 3904 te,

75 3942 207 4029 cesar,
231 3954 335 4038 vocat
354 3946 464 4031 ltalia,
488 3942 595 4040 idque
616 3945 720 4017 tantis
740 3942 966 4029 clamoribus
989 3954 1027 4016 ut
1047 3944 1076 4014 si
1098 3965 1159 4014 nn-
