2670 4688
268 335 362 384 niuea
382 334 548 386 uucnsuuus
567 336 740 387 sucuuuus.
753 357 785 369 ·-
800 338 954 389 nrusroun
976 339 1030 388 nu.
1123 327 1181 388 tan

99 480 240 550 castella
264 477 374 570 pestis
408 498 507 549 saeva
532 478 722 570 corripuit:
750 479 904 572 alioquin
931 482 962 552 si
987 484 1092 554 morti
1119 482 1182 552 im·

99 600 230 693 perviae
251 601 358 694 Alpes
377 608 508 681 essent,
531 597 636 671 crede
656 599 754 684 mihi,
779 611 818 672 ut
830 612 885 673 est
900 602 984 675 vitae
1010 601 1182 698 cupiditas

99 724 216 793 innata
237 721 462 807 mortalibutn·
478 724 588 793 multo
606 731 643 793 et
662 732 700 794 tu
721 724 908 814 angustius
934 723 1124 817 habitares,
1146 738 1182 797 ot

100 864 163 916 uos
186 843 299 916 latius.
322 845 418 915 Vale.

242 1026 409 1098 Mediolani,
424 992 486 1084 llll.
502 996 642 1086 Kalendas
661 1028 836 1087 Nouembris.

507 1544 686 1609 uuisuouu
707 1545 775 1633 nui.

194 1714 387 1765 nntnclscus
408 1714 580 1764 Pnnnnncn
602 1715 707 1765 PETRO
729 1715 929 1766 ulcutvuanst
948 1717 975 1766 S.
998 1716 1025 1766 P.
1047 1716 1079 1765 D.

149 1855 294 1924 Liberam,
313 1872 376 1927 que
394 1855 468 1912 hane
482 1856 620 1927 sequitur,
636 1872 666 1912 sa
681 1857 711 1911 in
730 1857 831 1913 itinere
846 1857 990 1928 scripsisse
1008 1864 1119 1927 narrat,

331 1948 360 1999 et
373 1959 454 1999 suam
467 1944 502 1999 de
517 1942 641 1999 Fortuna
658 1944 825 1999 sententiam
840 1943 939 2017 aperit.

194 2187 297 2259 nuno
327 2188 447 2271 altero,
472 2186 555 2260 dum
589 2185 634 2258 ad
669 2185 934 2258 serenissimum
956 2187 1183 2280 omniumque
1221 2204 1223 2208 “

96 2310 319 2383 mitissimum
339 2311 550 2381 Francorum
566 2331 685 2401 regem
700 2309 872 2402 legatione
891 2310 1064 2400 fungerer,
1086 2315 1182 2383 tanto

96 2433 177 2504 licet
205 2432 315 2522 impar
344 2430 496 2512 muneri,
525 2431 770 2523 colloquioque
801 2445 878 2513 tuo,
909 2432 1010 2503 cuius
1040 2433 1181 2505 insatia-

96 2553 176 2623 bilis
200 2572 292 2630 sum,
320 2549 476 2642 quotidie
500 2572 679 2622 recrearer
704 2572 748 2622 eo
774 2551 914 2623 avidius
946 2573 1018 2643 quo
1047 2552 1182 2623 diutur-

97 2672 230 2743 niorem
251 2673 328 2742 eius
350 2670 529 2764 penuriam
551 2692 695 2765 passus,
707 2694 752 2744 ex
766 2683 801 2744 te
814 2672 917 2743 didici
933 2694 1051 2764 regom
1067 2675 1181 2764 ipsum

95 2791 437 2887 primogenitumque
456 2794 533 2865 eius
555 2793 727 2866 illustrem
749 2796 1027 2866 Normaunorum
1055 2795 1182 2867 ducem

96 2913 331 2987 ardentissimi
345 2915 490 3008 spiritus
501 2916 767 2989 adolescentem
786 2917 820 2988 in
835 2915 954 2988 verbis
968 2938 1048 3010 quae
1063 2932 1180 2989 coram

95 3036 147 3107 eis
170 3038 376 3127 habueram,
398 3059 505 3130 super
523 3039 742 3113 eo‘maxime
762 3041 857 3134 quod
869 3041 915 3112 de
929 3041 1081 3112 Fortuna
1095 3036 1181 3108 mihi

96 3156 226 3231 mentio
246 3159 426 3231 incidisset
447 3160 557 3231 luisse
578 3174 774 3256 permotos,
794 3164 890 3257 quod
909 3186 976 3255 ego
996 3162 1071 3256 ipse
1095 3160 1180 3230 dum

96 3284 258 3373 loquerer
281 3304 328 3352 ex
353 3283 554 3354 vehementi
581 3284 717 3383 illorum
744 3285 935 3355 intentione
959 3294 1178 3355 notaveram:

97 3404 148 3475 sio
167 3414 303 3475 erectos
325 3404 358 3473 iu
376 3425 433 3475 me
452 3405 564 3477 oeulis
584 3400 780 3499 'animisque
792 3405 940 3479 defixos
953 3406 999 3477 ad
1016 3406 1180 3477 Fortunae

96 3548 223 3599 nomen
244 3525 328 3596 vidi.
350 3525 642 3613 Mirantureuim,
665 3542 704 3601 ut
729 3530 899 3619 intelligo,
922 3540 957 3599 et
976 3527 1077 3620 quasi
1102 3525 1181 3617 qui-

95 3646 244 3719 busdam
278 3646 417 3737 maguis
442 3650 609 3721 monstris
635 3652 770 3722 attoniti
798 3660 880 3723 suut
907 3671 969 3743 pro
995 3650 1060 3720 hac
1085 3658 1179 3719 tauta

97 3771 264 3842 varietate
278 3770 452 3855 Fortunae,
468 3792 549 3863 quae
562 3794 643 3842 curn
653 3794 749 3866 saepe
765 3795 872 3867 parva
885 3780 921 3842 et
936 3792 1072 3862 magua,
1086 3791 1178 3841 ntrnc

99 3893 252 3964 maxima
272 3914 387 3964 rerum
414 3893 464 3964 sic
490 3894 669 3978 afflixerit,
696 3906 735 3966 ut
767 3914 877 3986 regno
909 3894 1109 3967 felicissimo
1144 3904 1179 3964 et

99 4016 206 4086 multa
225 4016 308 4087 olim
329 4016 460 4087 invidia
481 4015 665 4101 laboranti,
681 4038 774 4088 nuuc
790 4017 966 4088 miseratio
978 4015 1176 4089 deberetur.

99 4136 208 4228 Super
228 4160 299 4231 quo
320 4150 401 4212 tuuc
415 4138 474 4209 tibi
489 4138 652 4233 respondi
666 4139 793 4212 debere
807 4141 979 4212 nemiuem
994 4139 1175 4212 admirari:
