2670 4688
360 281 452 329 cnnm
477 281 652 329 vicesimus.
668 302 701 309 -
715 283 868 331 nrrsroca
891 283 954 330 nn.
1149 269 1184 330 ll

516 568 694 633 umerum
714 570 781 633 lllll.

278 740 472 791 rnsncvscus
495 739 663 789 rnrnsncl
686 740 788 789 LAEllu
804 740 869 790 suo
890 743 916 790 s,
938 743 965 790 r.
988 743 1018 791 n.

109 895 194 950 linire
209 896 337 950 hortatur
351 901 382 948 ut
401 895 543 949 Socratem
562 894 590 947 in
608 898 730 947 veterem
749 893 898 948 amicitiam
916 895 1042 966 recipiat,
1063 902 1091 951 et
1114 896 1189 952 hunc

162 985 353 1041 nihilomnino
366 985 499 1038 adversus
513 1000 577 1039 eurn
592 983 696 1053 aliquid
710 981 892 1056 obloquutum
902 983 987 1039 fuisse
1002 986 1134 1041 defendit.

205 1270 320 1339 Animi
343 1270 390 1340 tui
412 1279 612 1349 statumen
633 1269 756 1339 litteris
778 1268 991 1359 intelligens,
1014 1276 1050 1338 et
1069 1289 1189 1341 causae

107 1396 249 1466 nescius
276 1391 456 1476 hortabar,
486 1404 524 1463 ut
549 1389 834 1484 tranquillitatem
860 1389 997 1461 solitam
1025 1411 1189 1463 servares

107 1530 144 1590 et
163 1518 319 1589 mortalia
337 1519 404 1587 ista
421 1524 673 1596 contemneres
693 1533 774 1605 quae
796 1523 978 1585 transeunt
997 1524 1033 1584 et
1053 1515 1097 1586 ad
1119 1535 1188 1585 non

107 1663 189 1713 esse
212 1642 387 1711 festinant.
413 1640 537 1710 Postea
563 1658 649 1708 vero
670 1655 739 1707 non
760 1635 836 1708 sine
863 1638 962 1728 gravi
986 1637 1093 1709 animi
1119 1636 1188 1708 mei

108 1766 253 1836 vulnere
273 1783 381 1834 causa
401 1741 486 1832 milri
508 1770 578 1832 ture
602 1756 876 1852 perturbationis
903 1760 1066 1844 innotuit,
1093 1759 1189 1852 quod

107 1885 225 1955 nescio
241 1886 360 1966 cuius,
383 1884 447 1955 sed
468 1885 620 1975 prolecto
642 1882 799 1968 maledici
814 1883 885 1952 oris
903 1880 1045 1954 flatibus
1062 1903 1187 1953 accen·

108 2032 185 2094 sue,
207 2021 328 2081 contra
348 2021 446 2080 tuum
464 2030 506 2079 ac
523 2009 641 2080 meum
657 2008 836 2079 Socratem
854 2007 1069 2077 exarsisses:
1088 2016 1186 2077 tuum

107 2135 247 2226 inquam
274 2134 451 2205 Socratem
478 2142 558 2203 ante
582 2153 689 2223 quam
716 2153 856 2202 meum:
885 2130 989 2223 idque
1021 2128 1186 2212 temihi,

106 2256 201 2348 quod
221 2254 330 2348 probe
349 2276 502 2327 noveras
521 2253 731 2345 gravissime
752 2252 915 2337 dolituro,
938 2255 1088 2325 celatum
1108 2272 1189 2324 esse

106 2378 264 2448 voluisse
284 2399 377 2446 nnnc
394 2377 562 2466 intelligo,
583 2375 662 2447 hinc
680 2376 834 2446 maxime
850 2374 947 2467 quod
966 2397 1039 2445 rem
1059 2385 1188 2446 tantam

109 2512 251 2586 tamque
271 2507 421 2566 atrocem
444 2518 513 2564 non
534 2518 581 2565 ex
600 2506 632 2565 te
650 2496 713 2566 sed
731 2497 872 2567 aliunde
895 2496 1091 2568 didicerim.
1117 2498 1186 2567 Oh!

109 2617 194 2710 quid
215 2616 355 2687 dicam?
375 2625 435 2686 aut
456 2616 548 2685 unde
568 2615 698 2698 ordiar,
720 2615 781 2705 qui
803 2616 942 2685 omnino
961 2616 1045 2684 nihil
1064 2627 1190 2709 praeter

110 2761 225 2811 meros
251 2738 391 2812 dolores
417 2749 477 2810 aut
503 2737 657 2828 cogitare
687 2739 822 2808 valeam
852 2748 912 2808 aut
936 2737 1055 2830 loqui?
1080 2739 1136 2810 Sic
1155 2752 1191 2812 et

109 2863 261 2934 animum
283 2865 422 2947 stravit,
445 2874 481 2934 et
497 2862 637 2934 solitum
656 2860 754 2932 vocis
773 2863 838 2932 iter
854 2860 1032 2936 obstruxit
1050 2885 1187 2937 moeror.

108 2989 166 3068 Et,
182 2986 245 3058 oh!
262 2988 394 3058 utinam
410 2986 494 3056 nihil
510 3007 661 3078 unquam
677 2986 793 3057 laetius
806 2985 853 3056 illi
871 2986 1020 3069 accidat,
1040 2987 1100 3080 qui
1117 2987 1190 3060 dis-

108 3109 198 3180 sidio
220 3121 338 3181 vestro
360 3121 396 3180 et
416 3109 527 3182 dolori
549 3129 629 3181 meo
647 3129 788 3180 causam
806 3108 912 3180 dedit.
927 3111 1022 3201 Ergo
1038 3132 1105 3201 ego
1122 3111 1190 3181 lra-

109 3243 252 3302 tertam
273 3233 405 3323 exigui,
429 3243 498 3304 tam
520 3231 651 3303 nullius
672 3231 774 3325 pretii
795 3253 872 3303 sum
899 3231 992 3327 apud
1019 3242 1067 3315 te,
1092 3242 1129 3302 ut
1153 3232 1189 3301 in

110 3363 204 3424 tanta
219 3355 408 3425 mutatione
420 3354 540 3441 animi,
551 3357 586 3425 in
601 3353 795 3425 abdicando
807 3355 865 3427 tuli
880 3355 1004 3437 amico,
1020 3364 1091 3425 tam
1104 3351 1191 3424 fide·

109 3477 147 3560 li,
165 3487 234 3547 tam
256 3476 379 3560 veteri,
401 3485 470 3547 tam
498 3476 642 3571 probato
663 3498 730 3548 non
750 3477 873 3548 luerim
895 3478 952 3548 vel
975 3498 1036 3569 per
1056 3477 1189 3546 litteras

110 3598 356 3690 requirendus¹
380 3600 445 3680 vel,
469 3599 498 3670 si
520 3600 555 3671 id
568 3621 637 3670 non
653 3621 803 3684 mereor,
826 3602 945 3672 saltem
965 3611 1045 3693 post
1063 3598 1188 3669 lactum

110 3743 172 3811 per
194 3723 327 3793 litteras
353 3721 568 3803 edocendus,
596 3725 792 3815 praesertim
812 3746 890 3794 cum
910 3722 989 3792 mali
1013 3720 1128 3807 totius,
1152 3732 1190 3792 ut

40 3824 53 3844 ⁸
110 3843 250 3927 dicitur,
279 3867 386 3916 causa
413 3845 503 3915 sirn‘?
534 3844 646 3915 Audio
672 3845 762 3915 enim
797 3846 976 3939 vipeream
1004 3846 1095 3917 illurn
1125 3847 1190 3915 lin-

111 3989 228 4056 guam,
251 3989 332 4058 quae
351 3968 411 4038 tibi
433 3968 612 4060 indignum
631 3967 715 4038 illud
730 3970 828 4039 virus
844 3967 1016 4053 infuderit,
1034 3970 1081 4040 nil
1095 3969 1188 4040 aliud

113 4089 176 4178 ipsi
200 4093 329 4163 Socrati
351 4093 514 4175 obiicere,
538 4092 603 4162 nisi
626 4089 720 4182 quod
739 4092 795 4162 ille
817 4093 899 4163 milii
919 4107 1038 4165 contra
1058 4104 1089 4165 to
1104 4095 1188 4165 scri-
