2670 4688
520 285 676 335 uusroun
696 284 801 334 ruvru.
1137 269 1196 331 tus

125 442 253 505 vestrae
280 431 343 502 sed
369 431 505 501 illorum
532 428 622 500 sint:
645 428 710 499 boo
730 440 785 499 est
805 428 885 520 quis
906 426 1121 521 potissimum
1143 448 1197 498 re-

125 564 221 645 gnet,
254 554 335 646 quis
360 551 518 623 licentius
550 551 677 643 rapiat,
714 550 853 644 spoliet,
887 549 1005 633 laniet,
1039 560 1194 645 spargat,

125 676 269 748 occidat.
295 674 410 746 Ausus
442 698 505 768 pro
530 672 683 765 indignis
709 672 859 745 dominis
885 682 921 743 et
946 694 1008 766 pro
1032 672 1195 746 obscoena

126 799 296 869 servitute
316 806 385 868 tam
406 796 560 888 grandia,
582 795 713 868 audere
729 795 856 890 aliquid
877 818 941 892 pro
961 795 1061 869 vobis
1081 807 1117 868 et
1136 820 1198 890 pro

127 920 282 993 libertate
298 921 442 1013 dignum
460 928 525 1003 est,
549 942 611 1014 pro
632 943 700 1012 qua
721 920 885 992 inventus
907 928 962 992 est
980 918 1093 1013 etqui
1114 918 1199 993 urbe

128 1064 229 1134 reges
262 1052 296 1112 et
328 1041 387 1134 qui
421 1041 493 1113 vita
514 1043 673 1113 Caesares
700 1041 875 1134 spoliaret.
902 1041 1011 1113 Dicite
1037 1041 1143 1113 mihi:
1168 1043 1199 1117 si

127 1167 361 1235 Romanorum
399 1186 521 1256 regum
559 1173 594 1235 et
631 1164 877 1258 imperatorum
917 1165 1092 1236 licentiam
1130 1185 1199 1236 non

128 1285 276 1371 tulistis,
311 1286 583 1378 alienigenarum
621 1285 824 1379 prmdonum
863 1284 993 1358 tamdiu
1019 1296 1199 1359 cruentam

127 1412 256 1484 rabiem
276 1423 311 1482 et
330 1413 575 1505 inexplendam
600 1412 781 1485 avaritiam
815 1413 1021 1507 perferetis?
1052 1411 1128 1485 Non
1153 1412 1200 1483 ila

126 1537 235 1606 Deum
261 1557 281 1605 a
313 1534 447 1628 piorum
479 1534 633 1608 consiliis
659 1556 822 1608 aversum
850 1557 938 1608 reor.
965 1535 1093 1606 Vivere
1132 1532 1199 1606 sub

126 1657 191 1726 illis
224 1657 357 1729 tristius
388 1680 494 1752 quam
526 1657 601 1730 siue
639 1657 705 1728 illis
742 1659 841 1730 mori.
872 1655 1079 1729 Audendum
1110 1677 1200 1751 prae-

126 1788 218 1851 terea
252 1779 382 1872 aliquid
415 1802 477 1876 pro
503 1778 583 1852 filiis
608 1782 752 1867 vestris,
787 1803 850 1875 pro
879 1778 1101 1873 coniugibus,
1136 1799 1199 1875 pro

127 1914 306 1993 parentum
333 1904 471 1986 canitie,
493 1926 555 1996 pro
575 1926 721 1976 avorum
744 1904 898 1988 tumulis
922 1913 1094 1997 postremo
1113 1902 1198 1974 nibil

126 2045 195 2095 non
232 2024 429 2097 audendum
467 2048 529 2121 pro
554 2024 762 2121 Republica,
793 2028 893 2098 cuius
924 2027 1051 2099 caritas
1075 2023 1198 2096 Decios

126 2149 239 2241 coegit
265 2158 301 2221 ut
326 2149 464 2221 devotis
489 2150 693 2244 corporibus
719 2151 764 2222 ad
789 2161 935 2223 mortem
961 2151 1074 2232 irent;
1107 2148 1198 2221 llar-

124 2295 203 2342 cum
235 2272 391 2343 Curtium
423 2282 461 2343 ut
486 2294 524 2344 se
549 2274 583 2342 in
609 2275 808 2347 horribilem
839 2275 933 2346 illam
965 2283 1067 2346 terrae
1096 2292 1197 2342 vora·

125 2394 239 2482 ginem
265 2415 374 2484 eques
399 2406 553 2465 armatus
574 2394 811 2486 immergerem
832 2398 1010 2468 Horatium
1032 2395 1195 2466 Coclitem

126 2522 164 2580 ul
188 2510 295 2580 armis
320 2524 482 2582 onustum
509 2536 645 2607 corpuS,
668 2517 762 2607 quod
782 2517 872 2586 muri
899 2519 973 2587 loco
1000 2514 1195 2606 legionibus

126 2631 305 2702 Hetruscis
323 2631 506 2718 obiecerat,
525 2635 560 2705 in
578 2634 739 2731 Tyberini
762 2636 875 2706 amuis
890 2635 1038 2706 vortices
1054 2637 1195 2708 effracto

126 2766 230 2850 ponte
255 2755 457 2839 dimitterel;
480 2757 596 2829 Caium
623 2757 769 2830 Matium
795 2759 989 2831 Scaevolam
1009 2769 1049 2830 ut
1066 2761 1195 2832 erranti

125 2880 283 2952 dexterae
307 2882 447 2953 inserrct
482 2866 677 2953 mirandum
703 2881 788 2978 ipsis
825 2881 985 2954 hostibus
1009 2881 1195 2953 formidan-

125 3004 278 3099 dumque
309 3005 536 3101 supplieium3
565 3004 719 3094 Attilium
740 3008 922 3100 Regulum,
948 3027 1028 3077 cum
1054 3024 1195 3076 manere

125 3129 218 3200 domi
238 3138 366 3222 posset,
388 3129 489 3201 ulad
516 3130 592 3202 irati
618 3128 789 3203 carnificis
811 3138 981 3201 tormenta
1004 3135 1191 3210 remearel3

125 3250 215 3321 dnos
239 3253 415 3345 Scipiones
440 3253 537 3323 utin
564 3254 729 3348 Hispania
749 3254 935 3325 morientes
961 3252 1027 3322 iter
1052 3248 1194 3321 Cartha·

126 3373 332 3465 ginensium,
348 3374 487 3468 quando
499 3377 598 3448 aliter
619 3398 687 3447 non
708 3386 874 3468 poteraut
896 3372 1103 3468 corporibus
1121 3370 1195 3444 suis

124 3507 161 3569 et
185 3507 295 3568 morte
321 3498 588 3592 praecluderent,
615 3500 809 3591 horumque
834 3498 977 3569 alterius
997 3507 1129 3580 nalum,
1156 3504 1195 3566 ut

124 3622 224 3714 inops
240 3631 275 3693 et
293 3621 460 3712 inglorius
481 3621 566 3693 mori
587 3624 714 3705 mallet,
737 3623 840 3714 quam
863 3619 1057 3690 libertatem
1077 3615 1194 3712 populi

125 3750 192 3817 ulla
217 3768 264 3817 ex
291 3757 387 3838 parte
413 3755 617 3818 concutere:
649 3745 791 3816 alberius
818 3753 854 3815 ut
879 3742 1036 3834 privatus
1067 3739 1192 3813 Tiberii

122 3870 266 3943 Gracchi
299 3869 455 3941 turbidos
485 3879 598 3940 motus
631 3879 740 3940 morte
777 3865 1040 3961 comprimeret3
1066 3866 1191 3938 multos

123 3990 204 4063 item
231 3994 317 4065 alios
343 4002 381 4064 ut
405 3990 575 4063 adversus
602 3993 832 4063 tumultuosos
858 3990 954 4062 cives
983 3989 1103 4062 eodem
1136 4010 1192 4060 rer

125 4117 237 4190 medio
263 4129 461 4200 uterentur3
487 4116 642 4189 lllarcum
665 4113 815 4206 denique
841 4111 1065 4186 recentiorem
1090 4112 1191 4185 Cato
