2670 4688
315 280 408 332 LIBER
431 279 935 333 vtcnstttust’mttus.-er1ss0tt
956 283 1007 332 llll.
1141 272 1194 333 111

121 420 181 511 qui
201 419 357 490 numeris
377 418 494 490 stilum
521 421 707 511 stringunt,
749 419 877 512 quibus
903 432 1032 512 praeter
1057 431 1200 495 senten·

120 543 200 626 tias,
226 551 357 635 praeter
389 539 510 624 verba,
545 541 715 613 iuncturae
732 543 837 614 etiam
856 543 1006 626 intentis,
1027 553 1063 614 et
1082 545 1199 636 quiete

119 678 200 738 ante
219 666 307 737 alios
328 675 364 737 et
385 665 520 737 silentio
540 686 629 760 opus
651 675 716 735 est.
737 664 904 736 Odiosum
922 686 1008 755 ergo
1026 666 1199 759 simulque

120 790 303 862 ridiculum
317 787 481 881 intelligis
495 789 614 861 odium
631 809 748 858 meum
762 809 847 878 erga
865 788 959 858 illum
979 788 1200 880 nescioquas

119 911 283 996 linxisse,
306 933 385 981 cum
404 921 442 980 ut
458 910 575 993 vides,
603 911 675 982 odii
696 908 841 980 materia
861 911 956 980 nulla
981 908 1042 993 sit,
1070 909 1200 982 amoris

120 1046 239 1106 autem
264 1032 427 1127 plurima,
450 1044 485 1105 et
504 1032 617 1128 patria
639 1032 783 1116 scilicet,
806 1044 842 1104 et
860 1041 1005 1126 paterna
1026 1032 1199 1120 amicitia,

119 1167 155 1226 et
175 1156 370 1248 ingenium,
403 1165 439 1226 et
458 1157 560 1227 stilus
581 1156 617 1226 in
639 1177 705 1228 sue
729 1176 859 1247 genere
879 1155 1048 1249 optimuS,
1075 1156 1134 1249 qui
1161 1155 1202 1225 il-

120 1281 190 1349 lum
211 1299 232 1348 a
252 1288 450 1372 contemptu
470 1281 538 1351 late
559 1289 703 1372 praestat
719 1278 921 1349 immunem.
940 1277 991 1349 Ea
1010 1300 1094 1350 vern
1115 1277 1201 1349 mibi

121 1397 267 1470 obiectae
281 1401 465 1472 calumniae
479 1422 561 1494 pars
575 1403 684 1472 altera
698 1402 824 1484 luerat,
843 1401 944 1472 cuius
963 1401 998 1471 in
1016 1421 1203 1492 argumen-

125 1534 198 1593 tum
220 1523 384 1608 trahitur,
405 1523 501 1616 quod
522 1546 543 1595 a
561 1522 673 1615 prima
686 1532 797 1605 aetate,
813 1543 894 1615 quae
912 1521 1031 1594 talium
1048 1522 1202 1617 cupidis-

121 1645 211 1715 sima
236 1667 317 1717 esse
344 1647 444 1725 solet,
466 1667 534 1737 ego
555 1645 720 1716 librorum
742 1645 841 1716 varia
862 1646 1085 1738 inquisitione
1106 1645 1201 1719 dele·

119 1777 247 1851 ctatuS,
270 1790 449 1860 nunquam
472 1767 597 1837 librum
616 1766 709 1838 illius
727 1764 925 1852 habuerim,
944 1778 980 1839 et
996 1767 1203 1840 ardentissi-

122 1911 201 1961 mus
238 1912 378 1984 semper
414 1894 450 1962 in
487 1890 640 1983 reliquis,
675 1912 824 1983 quorum
861 1912 951 1982 pene
987 1891 1083 1960 nulla
1119 1910 1202 1984 spes

121 2024 322 2106 supererat,
358 2013 393 2083 in
426 2015 494 2084 hoc
526 2033 597 2084 uno
626 2012 702 2084 sine
722 2013 923 2085 difficultate
943 2008 1088 2106 parabili
1109 2032 1202 2083 novo
1306 2081 1314 2102 ,

121 2135 275 2226 quodam
296 2157 359 2207 nec
372 2157 451 2209 meo
466 2157 564 2208 more
584 2136 765 2230 tepuerim.
781 2136 924 2206 Factum
939 2137 1064 2218 lateor,
1083 2134 1147 2205 sed
1160 2155 1203 2206 eo

121 2279 194 2349 qun
213 2259 271 2330 isti
292 2260 430 2340 volunt,
460 2260 576 2330 animo
595 2261 724 2330 factum
742 2279 844 2350 nego.
867 2258 989 2330 Eidem
1020 2266 1103 2329 tunc
1123 2255 1203 2327 stile

121 2380 263 2452 deditus
283 2379 422 2470 vulgari
442 2381 582 2471 eloquio
602 2381 780 2471 ingenium
798 2377 1019 2451 exercebam.
1039 2378 1130 2448 Nihil
1148 2399 1204 2449 re-

123 2501 187 2569 bar
205 2501 402 2589 elegantius
424 2519 488 2567 nee
508 2499 591 2569 dum
610 2500 714 2569 altius
734 2500 890 2591 aspirare
910 2499 1117 2583 didiceram,
1140 2500 1203 2570 sed

124 2618 276 2689 verebar
288 2640 343 2700 ne,
358 2619 387 2688 si
401 2616 505 2688 huius
527 2628 589 2689 aut
608 2618 758 2689 alterius·
769 2619 873 2690 dictis
888 2616 1074 2701 imbuerer,
1095 2629 1133 2689 ut
1150 2630 1206 2689 est

125 2751 213 2813 aetas
234 2742 291 2815 illa
310 2740 474 2813 flexibilis
500 2752 536 2813 et
561 2740 722 2812 miratrix
744 2743 911 2824 omnium,
934 2741 992 2810 vel
1012 2739 1144 2812 invitus
1165 2763 1206 2814 ac

124 2865 286 2938 nesciens
308 2866 459 2937 imitator
478 2863 678 2937 evaderem.
693 2862 805 2948 Quod,
827 2872 866 2933 ut
885 2872 962 2936 erat
981 2863 1119 2936 animus
1140 2885 1203 2935 en-

121 2987 176 3058 nis
203 2987 398 3072 audentior,
423 2987 644 3080 indignabar,
668 2998 873 3081 tantumque
889 2986 1027 3060 fidueiae
1048 3008 1111 3058 seu
1132 2989 1203 3059 ela·

123 3110 228 3179 tionis
253 3110 435 3181 indueram
453 3120 492 3180 ut
512 3111 588 3182 sine
607 3112 813 3203 cuiusquam
836 3110 991 3182 mortalis
1012 3108 1151 3190 auxilio,
1167 3107 1202 3176 in

121 3252 165 3302 ec
185 3252 312 3322 genere
344 3232 390 3303 ad
419 3255 534 3304 meum
564 3244 600 3305 et
632 3234 810 3327 proprium
839 3229 1026 3324 quemdam
1059 3226 1201 3298 modum

122 3353 349 3424 suffecturum
386 3353 470 3424 mibi
507 3353 686 3446 ingenium
723 3352 920 3426 arbitrarer.
959 3349 1059 3436 Quod
1097 3370 1201 3443 quam

120 3497 207 3546 vere
228 3474 435 3546 crediderim
456 3477 513 3546 alii
535 3477 697 3550 iudicent.
720 3479 792 3548 Huc
817 3498 925 3547 unum
946 3496 1016 3545 non
1035 3472 1202 3544 dissimu-

122 3601 167 3681 lo,
191 3595 285 3690 quod
320 3596 456 3690 siquid
490 3598 540 3668 in·
559 3620 602 3669 eo
623 3619 784 3672 sermone
810 3622 831 3670 a
856 3620 913 3669 me
945 3597 1075 3669 dictum
1110 3593 1203 3664 illius

122 3732 182 3792 aut
214 3720 358 3792 alterius
391 3722 598 3813 cuiusquam
631 3721 723 3795 dicto
756 3723 881 3806 simile,
906 3721 981 3792 sive
1002 3718 1093 3789 idem
1114 3720 1202 3789 forte

121 3867 201 3916 cum
223 3844 341 3938 aliquo
367 3845 412 3917 sit
438 3841 634 3927 inientum,
662 3865 731 3914 non
756 3844 790 3916 id
817 3842 932 3915 furtim
960 3852 1020 3912 aut
1044 3839 1202 3912 imitandi

124 3967 313 4060 proposito,
335 3988 417 4061 quae
437 3967 509 4040 duo
530 3987 671 4060 semper
690 3968 725 4036 in
746 3967 800 4037 his
821 3966 974 4036 maxime
994 3961 1202 4056 vulgaribus

119 4100 159 4161 ut
178 4093 341 4183 scopulos
363 4091 550 4175 declinavi,
573 4090 711 4163 sedvel
733 4109 817 4161 casu
839 4087 979 4160 fortuito
998 4089 1125 4160 lactum
1146 4106 1203 4157 es-
