2834 5086
165 638 225 697 atat
503 651 543 699 ue
565 648 666 698 nanus
687 648 911 697 aannranmus

166 814 269 885 qnam
292 792 489 885 pracceptiS,
507 800 638 883 quanto
657 793 766 862 maior
784 801 843 861 tua
861 802 916 862 est
932 790 1045 861 virtus
1062 812 1170 883 quam
1184 792 1249 861 im·

168 917 311 1011 perium.
334 915 403 985 Sed
420 915 506 1006 quid
527 914 607 986 fiet‘?
627 917 713 986 Hinc
733 915 838 986 animi
857 914 1104 1009 promptitudo
1124 914 1181 986 hic
1194 935 1249 985 re·

169 1061 244 1109 rum
274 1039 485 1129 perplexitas
519 1040 627 1108 multa
657 1049 723 1109 est.
750 1038 903 1109 Haecine
929 1037 1021 1108 enim
1049 1058 1174 1130 quaeso
1200 1045 1251 1108 tot

165 1182 321 1231 mearum
342 1161 568 1252 epistolarum
589 1163 719 1232 clamor
740 1161 858 1231 irritus
879 1161 1055 1253 pervenit,
1085 1169 1121 1231 ut
1145 1182 1249 1232 voca·

165 1294 221 1354 tus
243 1282 376 1367 totiens,
393 1281 533 1363 tamdiu,
550 1291 689 1375 tamque
705 1282 819 1365 anxie,
843 1292 983 1375 tamque
1004 1306 1024 1354 a
1045 1283 1164 1354 multis
1184 1304 1250 1355 cx-

164 1417 332 1500 pectatns,
348 1406 392 1477 ad
409 1416 607 1477 extremum
627 1417 660 1477 te
679 1419 861 1478 vocantem
878 1406 922 1477 ad
938 1415 971 1476 te
992 1426 1115 1489 vocae,
1136 1405 1250 1498 quod·

164 1552 233 1623 que
247 1532 282 1599 in
295 1529 418 1601 litteris
430 1526 583 1623 profiteri
602 1539 662 1601 tua
678 1529 819 1620 dignata
833 1527 1015 1599 clementia
1027 1538 1093 1613 est,
1107 1527 1249 1600 deside-

165 1675 232 1736 res,
246 1656 439 1747 expectes?
458 1651 550 1735 Quid
568 1651 631 1736 hic,
654 1651 806 1745 inquam,
830 1650 888 1722 liet
905 1651 1044 1721 Caesar‘?
1064 1650 1114 1720 Tu
1136 1672 1193 1721 me
1213 1647 1249 1719 in

164 1775 404 1860 Germaniam,
425 1796 492 1866 ego
513 1774 547 1844 in
567 1774 698 1846 ltaliam
720 1785 754 1846 te
775 1794 873 1844 voco.
896 1772 947 1842 Tu
967 1772 1171 1843 auctoritate
1193 1790 1249 1843 me

165 1916 414 1988 superandum
435 1908 467 1967 te
488 1899 675 1969 causalo
703 1919 759 1969 me
783 1895 829 1969 ad
853 1895 1116 1967 delectationem
1140 1891 1251 1964 hone-

167 2029 271 2099 stam,
298 2041 366 2089 non
394 2017 541 2105 inlioior,
568 2021 843 2114 iucundamqae,
865 2041 932 2112 ego
957 2030 991 2091 te
1016 2017 1062 2090 ad
1083 2018 1247 2088 virtutem

165 2150 270 2233 atque
290 2142 440 2213 officinm
459 2143 695 2215 necessarium
718 2167 757 2217 ao
777 2142 934 2216 debitum
957 2163 1068 2235 usqae
1089 2140 1190 2224 adeo,
1211 2148 1251 2210 ut

165 2263 211 2336 ob
233 2264 298 2336 hoe
319 2288 424 2336 unum
447 2266 481 2336 in
504 2268 613 2337 lucem
638 2264 753 2337 editus
779 2267 940 2338 videare:
961 2265 1062 2336 ouius
1088 2256 1250 2334 executio

168 2395 200 2455 te
213 2388 345 2457 felicem
367 2389 467 2470 ooelo,
488 2390 619 2458 clarum
637 2387 788 2482 posteris
807 2386 1032 2457 trasmissura
1051 2384 1105 2453 sit.
1124 2382 1251 2454 Parere

167 2518 282 2579 lamen
302 2517 358 2577 est
378 2508 528 2588 animus,
555 2519 590 2580 et
614 2530 721 2579 causa
746 2508 873 2589 vietor,
902 2516 962 2577 tuo
987 2506 1132 2597 imperio
1157 2503 1249 2575 vinci

165 2630 281 2698 velim.
309 2627 379 2698 Sed
407 2630 514 2699 multa
547 2629 697 2699 obstant.
723 2628 876 2700 Primum
904 2636 1010 2699 aestas
1036 2626 1087 2697 sio
1113 2637 1251 2699 natare

167 2771 256 2820 mere
279 2749 406 2834 hostis,
429 2760 467 2821 ut
488 2749 553 2822 hac
570 2753 737 2845 temporis
754 2763 851 2843 parte
872 2770 941 2821 non
960 2750 1083 2821 vivere
1100 2750 1163 2820 sed
1177 2751 1251 2820 lan·

167 2894 276 2964 gnere
297 2873 556 2964 quodammodo
571 2874 695 2947 videar
712 2895 752 2945 ao
769 2875 938 2966 torqueri,
957 2892 1038 2965 quae
1055 2871 1084 2943 si
1103 2872 1251 2943 molesta

167 2995 250 3065 mihi
268 3017 407 3092 semper
423 2998 499 3083 luit,
515 2998 600 3091 quid
615 3021 707 3071 nunc
724 3009 826 3093 putas
840 2995 981 3088 quando
994 2995 1110 3065 minus
1122 3002 1249 3065 austum

166 3121 254 3189 lorte
281 3132 445 3204 metuam,
474 3122 537 3193 sod
564 3121 717 3192 laborem
745 3122 878 3210 magis?
898 3120 1084 3210 Nunquam
1105 3126 1174 3187 tam
1195 3117 1250 3186 iu·

167 3241 269 3309 venis
288 3240 429 3332 quidem
456 3242 503 3312 lui
531 3251 568 3312 ut
592 3241 764 3312 nescirem
791 3263 846 3311 me
872 3261 1072 3321 senescere3
1096 3235 1247 3309 sciebam

166 3383 253 3433 vero
273 3384 337 3432 nee
357 3363 566 3434 sentiebam:
581 3364 664 3455 quin
679 3365 858 3448 haelenae,
877 3386 941 3435 ceu
958 3363 1018 3455 qui
1030 3361 1111 3433 navi
1125 3367 1249 3431 vectus

166 3484 345 3557 dormiens
366 3485 519 3558 secundo
539 3488 640 3557 alveo
659 3486 851 3569 descendit,
880 3486 927 3556 nil
954 3485 1109 3556 sentiens
1129 3502 1250 3575 proee-

166 3608 303 3680 debam.
325 3609 416 3680 Ecce
436 3610 505 3680 iam
532 3609 677 3693 sensim,
700 3607 835 3693 Caesar,
858 3607 984 3699 incipio
1009 3616 1148 3677 aetatem
1169 3626 1249 3678 sen·

167 3731 241 3813 tire,
269 3732 504 3825 fragiliorque,
527 3743 562 3804 et
583 3730 713 3802 indies
735 3730 865 3801 tardior
886 3728 972 3800 ficri.
985 3728 1128 3801 Accedit
1143 3726 1247 3821 quod,

165 3865 232 3935 etsi
254 3874 291 3934 tu
308 3857 463 3933 omniurn
477 3855 599 3938 maior,
614 3855 680 3923 etsi
700 3864 781 3924 tuus
796 3854 850 3924 ille
868 3873 975 3946 penes
990 3873 1095 3945 quem
1114 3848 1250 3922 iamda-

167 3988 250 4060 dum
273 4006 352 4076 ago,
372 4001 439 4051 non
460 3978 564 4050 modo
581 3977 753 4048 licentiam
768 3978 916 4048 daturus
933 3974 1109 4057 videatur,
1130 3972 1250 4044 sedat

168 4109 321 4179 animum
343 4106 421 4178 eius
442 4102 537 4186 novi,
559 4101 636 4194 ipse
655 4122 794 4193 quoquc
814 4112 987 4171 venturus
1007 4098 1038 4167 si
1059 4107 1097 4169 to
1115 4096 1248 4181 iubeas,

168 4229 251 4297 milri
266 4240 390 4313 tamen,
407 4228 489 4299 dum
505 4224 572 4296 sub
589 4224 712 4295 umbra
729 4224 806 4295 eius
822 4244 911 4305 snm,
929 4221 1066 4292 licentia
1079 4240 1169 4314 opus
1182 4227 1248 4291 est.

167 4347 297 4418 Verum
319 4350 385 4420 hoc
401 4371 471 4421 non
484 4347 600 4441 magni
623 4347 720 4431 lucio,
742 4348 833 4440 quia,
854 4353 893 4416 ut
914 4345 999 4427 dixi,
1022 4343 1108 4414 nihil
1125 4343 1193 4428 ille,
1215 4342 1250 4413 ni

168 4469 279 4549 fallor,
303 4480 493 4559 negaturus
513 4470 655 4543 domino
676 4491 741 4541 suo
762 4469 817 4539 sit.
832 4467 922 4551 Quid
938 4466 1117 4539 delibellis
1132 4476 1247 4536 autem
