2670 4688
175 282 179 295 ’
314 313 406 363 urana
428 310 593 360 vronsruus
614 307 1002 359 secururs-unsrun
1023 308 1043 356 ι.
1151 294 1209 356 tta

127 458 286 551 equidem
307 456 413 528 oredo
432 465 466 526 et
486 454 547 524 tibi
567 464 603 523 et
622 451 697 523 ocio
716 462 752 523 et
770 450 878 543 quieti
901 460 971 520 tuae
990 449 1104 544 aptius
1124 469 1209 520 con-

127 581 222 672 iugio
246 579 416 659 caruisse,
444 596 568 647 verum
594 585 653 645 tua
673 571 799 644 domus
823 580 860 641 et
883 570 996 664 patria
1033 582 1069 642 et
1106 570 1208 644 amici

126 703 221 775 atiud
239 725 286 774 ex
305 709 340 772 te
360 708 517 794 poscunt.
535 697 606 769 Neo
626 694 687 768 tibi
708 703 868 766 natorum
884 715 951 765 uec
969 694 1083 766 aetatis
1099 716 1209 768 excu-

127 823 216 895 satio
242 825 310 894 ulta
329 833 398 903 est,
426 840 505 891 oum
525 829 561 889 et
586 815 666 887 filiis
685 835 807 888 careas
831 823 867 886 et
890 813 993 887 viridi
1017 815 1068 886 sis
1092 824 1207 889 auto.

126 945 217 1030 Quid
237 947 345 1035 ergo?
361 943 415 1012 Ex
436 961 508 1034 quo
528 962 584 1012 me
600 940 635 1009 in
655 938 791 1010 consilii
809 947 941 1031 partam
962 957 1069 1009 vocas
1086 958 1210 1010 asseu-

126 1066 192 1139 tior
217 1079 255 1137 ut
280 1085 426 1137 uxorem
452 1063 573 1135 ducas.
600 1060 818 1155 Quamquam
844 1059 936 1131 enim
961 1058 1045 1130 nihil
1070 1057 1209 1132 dulcius

124 1188 285 1262 caelibatu
311 1188 469 1270 arbitrer,
501 1186 657 1281 nihilque
683 1182 917 1277 tranquillius,
951 1192 1064 1256 status
1091 1193 1208 1255 tamen
1322 1185 1325 1190 '

125 1319 208 1382 tuus
224 1332 265 1382 ac
286 1321 423 1383 tuorum
442 1311 531 1381 hanc
552 1309 612 1380 tibi
630 1309 850 1382 dulcedinem
867 1332 909 1381 ac
926 1308 1208 1402 tranquillitatem

124 1432 268 1506 invidet.
290 1431 366 1503 Non
386 1432 498 1522 magis
518 1430 579 1503 diu
600 1440 716 1524 potest
738 1430 840 1503 altior
859 1433 997 1503 fortuna
1016 1451 1123 1524 quam
1149 1448 1209 1500 su-

124 1553 240 1626 blimis
260 1575 361 1626 mons
377 1562 439 1624 aut
458 1550 630 1624 tumidum
651 1574 747 1624 mara
762 1553 969 1645 quiescere:
987 1553 1114 1623 suiset
1132 1550 1208 1644 ipsa

123 1680 238 1750 ventis
263 1677 425 1771 exposita
456 1687 522 1748 est.
550 1674 621 1747 Nec
652 1673 831 1766 estquod
863 1673 976 1761 dicas,
1005 1696 1061 1747 mo
1093 1676 1208 1746 solum

125 1800 282 1894 respicio,
305 1798 388 1869 mihi
409 1800 576 1869 consuto:
597 1820 678 1869 cum
698 1809 734 1869 et
752 1799 876 1891 patriae
895 1807 931 1869 et
950 1796 1153 1892 parentibus
1172 1805 1210 1866 et

124 1921 260 2005 amicis,
284 1919 477 1992 secundum
498 1917 672 1991 laudatam
693 1919 784 1990 iiiam
812 1919 962 1991 Platonis
983 1917 1206 2000 sententiam,

125 2052 228 2113 uatus
248 2042 308 2113 sis.
330 2040 407 2134 Age
427 2063 527 2134 ergo,
551 2040 689 2113 Christo
709 2041 868 2136 auspice,
889 2040 959 2113 duc
985 2062 1146 2123 uxorem,
1173 2041 1208 2109 iu

123 2186 197 2257 qua·
206 2165 366 2256 eligenda
383 2164 548 2236 iudicium
567 2166 648 2236 volo
666 2186 792 2258 purum
810 2173 846 2236 et
863 2171 1036 2235 semotum
1052 2161 1099 2234 ab
1114 2162 1208 2234 omui

124 2287 285 2381 opinione
305 2287 459 2378 vulgari,
483 2298 608 2358 utnon
632 2299 700 2360 tam
726 2286 842 2357 dotem
864 2310 905 2359 ac
924 2284 1079 2368 divitias¹
1102 2306 1206 2377 quam

124 2430 236 2499 genus
256 2416 293 2477 et
309 2408 468 2499 pueritiae
487 2408 704 2490 rudimenta3
725 2428 794 2478 nou
817 2419 887 2478 tam
904 2419 1048 2479 ornatus
1068 2408 1208 2498 elegan-

126 2528 207 2596 tiam
225 2545 330 2616 quam
346 2527 532 2616 pietatcm3
550 2546 664 2616 nequa
681 2527 823 2596 omnino
840 2537 909 2598 tam
931 2527 1085 2620 corporis
1102 2548 1207 2618 quam

126 2645 230 2715 animi
248 2647 393 2717 turmam
412 2654 561 2737 spectes.
579 2643 634 2714 An
650 2665 738 2716 vcro
754 2646 904 2717 vicinam
921 2667 965 2715 au
984 2647 1207 2738 longinquam

124 2768 240 2864 potius
269 2770 323 2864 (ea
343 2768 435 2841 euim
461 2767 735 2862 percontationis
757 2777 828 2840 tuae
853 2767 1007 2840 secunda
1028 2789 1109 2861 pars
1134 2768 1208 2840 fue-

125 2895 189 2987 rat)
215 2903 336 2967 contra
367 2894 521 2967 omnium
550 2898 624 2968 scre
649 2895 857 2968 sententiam
889 2897 1021 2988 loquar.
1049 2894 1206 2968 Vicinam

124 3039 248 3110 nempe
269 3038 406 3100 omnes,
428 3038 508 3110 ego,
529 3018 667 3090 caeteris
691 3016 848 3112 paribus,
872 3017 1094 3112 longinquam
1115 3039 1208 3111 prae-

124 3144 209 3212 sero.
232 3140 296 3209 dlii
321 3142 411 3211 euim
433 3143 572 3215 favores
598 3143 804 3228 metiuntur,
826 3141 886 3235 qui
912 3153 947 3212 et
971 3141 1038 3213 rari
1066 3154 1148 3212 sunt
1172 3152 1208 3211 et

125 3262 233 3333 multo
252 3270 423 3347 constant,
447 3282 667 3356 quorumque
692 3273 727 3334 te
747 3282 815 3333 non
841 3262 943 3335 valde
963 3260 1121 3353 indigum
1148 3270 1206 3333 tua
1302 3272 1306 3280 “

126 3405 203 3456 sors
224 3382 313 3453 iecit.
334 3384 408 3474 Ego
430 3383 536 3454 animi
556 3382 751 3456 libertatern
776 3395 813 3457 et
834 3383 1034 3467 taediorum,
1055 3392 1092 3454 et
1112 3402 1206 3477 soepe

123 3507 227 3579 etiam
248 3502 408 3576 odiorum
424 3505 552 3596 fugam,
572 3527 652 3599 quae
672 3508 824 3580 affinium
844 3506 1029 3600 praeseutia
1045 3508 1207 3599 frequen-

125 3628 259 3700 tissime
279 3647 400 3699 secum
419 3624 533 3710 affert3
550 3649 617 3699 nec
634 3651 719 3702 vero
731 3630 816 3703 itud
830 3629 989 3702 ultimum
1006 3629 1095 3700 racio
1110 3628 1206 3721 quod

125 3773 188 3824 seu
216 3752 355 3848 sapiens
381 3757 539 3822 matrona
570 3749 686 3844 (quem
711 3752 803 3824 enim
829 3752 996 3825 dedeceat
1021 3751 1117 3845 quod
1142 3771 1206 3824 uec

123 3875 235 3948 David
264 3876 392 3966 Regem
418 3894 484 3944 nec
508 3872 672 3963 Magnum
702 3874 904 3966 Pompeium
937 3873 1113 3961 dedecuit,
1140 3896 1206 3947 nec

125 3997 321 4091 Augustum
342 3994 529 4090 Caesarem)
552 4015 616 4066 seu
637 3995 734 4068 rudis
752 3998 840 4069 forte
860 3996 1065 4090 virguncula
1084 3997 1204 4092 primis

125 4131 221 4195 tuum
253 4123 356 4195 limen
387 4119 571 4216 hymeuais
604 4118 773 4213 attigerit,
808 4119 892 4193 utile
924 4121 990 4193 hoc
1021 4121 1203 4194 consilium
