<?xml version="1.0" encoding="UTF-8"?>
<!DOCTYPE html PUBLIC "-//W3C//DTD XHTML 1.0 Transitional//EN"
    "http://www.w3.org/TR/xhtml1/DTD/xhtml1-transitional.dtd">
<html xmlns="http://www.w3.org/1999/xhtml" xml:lang="en" lang="en">
 <head>
  <title>
</title>
<meta http-equiv="Content-Type" content="text/html;charset=utf-8" />
  <meta name='ocr-system' content='tesseract 3.04.00' />
  <meta name='ocr-capabilities' content='ocr_page ocr_carea ocr_par ocr_line ocrx_word'/>
</head>
<body>
  <div class='ocr_page' id='page_1' title='image "./epistolaederebu01fracgoog_0373.png"; bbox 0 0 2670 4688; ppageno 0'>
   <div class='ocr_carea' id='block_1_1' title="bbox 484 288 1135 359">
    <p class='ocr_par' dir='ltr' id='par_1_1' title="bbox 484 288 1135 359">
     <span class='ocr_line' id='line_1_1' title="bbox 484 288 1135 359; baseline -0.017 0"><span class='ocrx_word' id='word_1_1' title='bbox 484 308 637 359; x_wconf 83' lang='lat' dir='ltr'><strong>urtsrom</strong></span> <span class='ocrx_word' id='word_1_2' title='bbox 656 309 728 356; x_wconf 78' lang='lat' dir='ltr'><strong>xxv.</strong></span> <span class='ocrx_word' id='word_1_3' title='bbox 1080 288 1135 350; x_wconf 71' lang='lat' dir='ltr'><strong>tlt</strong></span> 
     </span>
    </p>
   </div>
   <div class='ocr_carea' id='block_1_2' title="bbox 64 453 1142 2273">
    <p class='ocr_par' dir='ltr' id='par_1_2' title="bbox 64 453 1142 2273">
     <span class='ocr_line' id='line_1_2' title="bbox 72 453 1140 553; baseline -0.002 -27"><span class='ocrx_word' id='word_1_4' title='bbox 72 459 125 529; x_wconf 86' lang='lat' dir='ltr'><strong>his</strong></span> <span class='ocrx_word' id='word_1_5' title='bbox 143 461 431 553; x_wconf 88' lang='lat' dir='ltr'><strong>qualemcumque</strong></span> <span class='ocrx_word' id='word_1_6' title='bbox 447 457 560 531; x_wconf 90' lang='lat' dir='ltr'><strong>cibum</strong></span> <span class='ocrx_word' id='word_1_7' title='bbox 579 460 705 530; x_wconf 86' lang='lat' dir='ltr'><strong>animae</strong></span> <span class='ocrx_word' id='word_1_8' title='bbox 722 472 849 549; x_wconf 80' lang='lat' dir='ltr'><strong>magno</strong></span> <span class='ocrx_word' id='word_1_9' title='bbox 865 476 944 527; x_wconf 88' lang='lat' dir='ltr'><strong>cum</strong></span> <span class='ocrx_word' id='word_1_10' title='bbox 964 453 1140 526; x_wconf 90' lang='lat' dir='ltr'><strong>desiderio</strong></span> 
     </span>
     <span class='ocr_line' id='line_1_3' title="bbox 69 575 1141 676; baseline -0.005 -26"><span class='ocrx_word' id='word_1_11' title='bbox 69 594 256 674; x_wconf 86' lang='lat' dir='ltr'><strong>expectem.</strong></span> <span class='ocrx_word' id='word_1_12' title='bbox 272 584 315 656; x_wconf 84' lang='lat' dir='ltr'><strong>Et</strong></span> <span class='ocrx_word' id='word_1_13' title='bbox 329 584 481 676; x_wconf 89' lang='lat' dir='ltr'><strong>prolecto</strong></span> <span class='ocrx_word' id='word_1_14' title='bbox 498 580 672 674; x_wconf 84' lang='lat' dir='ltr'>quoddam</span> <span class='ocrx_word' id='word_1_15' title='bbox 685 577 805 663; x_wconf 89' lang='lat' dir='ltr'><strong>breve,</strong></span> <span class='ocrx_word' id='word_1_16' title='bbox 822 577 881 650; x_wconf 92' lang='lat' dir='ltr'><strong>ubi</strong></span> <span class='ocrx_word' id='word_1_17' title='bbox 894 577 1034 649; x_wconf 83' lang='lat' dir='ltr'><strong>Homeri</strong></span> <span class='ocrx_word' id='word_1_18' title='bbox 1046 575 1141 669; x_wconf 91' lang='lat' dir='ltr'><strong>prin-</strong></span> 
     </span>
     <span class='ocr_line' id='line_1_4' title="bbox 68 700 1139 796; baseline -0.004 -23"><span class='ocrx_word' id='word_1_19' title='bbox 68 702 193 796; x_wconf 86' lang='lat' dir='ltr'><strong>cipium</strong></span> <span class='ocrx_word' id='word_1_20' title='bbox 211 705 280 777; x_wconf 88' lang='lat' dir='ltr'><strong>Leo</strong></span> <span class='ocrx_word' id='word_1_21' title='bbox 300 705 391 778; x_wconf 87' lang='lat' dir='ltr'><strong>idem</strong></span> <span class='ocrx_word' id='word_1_22' title='bbox 414 705 535 776; x_wconf 92' lang='lat' dir='ltr'><strong>solutis</strong></span> <span class='ocrx_word' id='word_1_23' title='bbox 557 704 671 776; x_wconf 87' lang='lat' dir='ltr'><strong>latinis</strong></span> <span class='ocrx_word' id='word_1_24' title='bbox 692 700 809 775; x_wconf 89' lang='lat' dir='ltr'><strong>verbis</strong></span> <span class='ocrx_word' id='word_1_25' title='bbox 831 703 912 775; x_wconf 91' lang='lat' dir='ltr'><strong>olim</strong></span> <span class='ocrx_word' id='word_1_26' title='bbox 934 700 1018 771; x_wconf 87' lang='lat' dir='ltr'><strong>mihi</strong></span> <span class='ocrx_word' id='word_1_27' title='bbox 1038 701 1139 792; x_wconf 89' lang='lat' dir='ltr'><strong>quasi</strong></span> 
     </span>
     <span class='ocr_line' id='line_1_5' title="bbox 70 811 1140 922; baseline -0.003 -26"><span class='ocrx_word' id='word_1_28' title='bbox 70 825 174 898; x_wconf 89' lang='lat' dir='ltr'><strong>totius</strong></span> <span class='ocrx_word' id='word_1_29' title='bbox 199 827 314 920; x_wconf 89' lang='lat' dir='ltr'><strong>operis</strong></span> <span class='ocrx_word' id='word_1_30' title='bbox 341 811 482 920; x_wconf 72' lang='lat' dir='ltr'><strong>gustum</strong></span> <span class='ocrx_word' id='word_1_31' title='bbox 502 825 642 911; x_wconf 90' lang='lat' dir='ltr'><strong>obtulit,</strong></span> <span class='ocrx_word' id='word_1_32' title='bbox 676 826 743 898; x_wconf 91' lang='lat' dir='ltr'><strong>etsi</strong></span> <span class='ocrx_word' id='word_1_33' title='bbox 775 824 975 922; x_wconf 79' lang='lat' dir='ltr'><strong>Hieronymi</strong></span> <span class='ocrx_word' id='word_1_34' title='bbox 1000 832 1140 895; x_wconf 89' lang='lat' dir='ltr'><strong>senten-</strong></span> 
     </span>
     <span class='ocr_line' id='line_1_6' title="bbox 69 945 1142 1045; baseline 0 -28"><span class='ocrx_word' id='word_1_35' title='bbox 69 949 126 1020; x_wconf 85' lang='lat' dir='ltr'><strong>tiae</strong></span> <span class='ocrx_word' id='word_1_36' title='bbox 156 952 283 1035; x_wconf 84' lang='lat' dir='ltr'><strong>faveat,</strong></span> <span class='ocrx_word' id='word_1_37' title='bbox 308 953 419 1045; x_wconf 88' lang='lat' dir='ltr'><strong>placet</strong></span> <span class='ocrx_word' id='word_1_38' title='bbox 453 960 591 1034; x_wconf 79' lang='lat' dir='ltr'><strong>tamen3</strong></span> <span class='ocrx_word' id='word_1_39' title='bbox 615 950 724 1021; x_wconf 85' lang='lat' dir='ltr'><strong>habet</strong></span> <span class='ocrx_word' id='word_1_40' title='bbox 755 951 913 1022; x_wconf 88' lang='lat' dir='ltr'><strong>enimet</strong></span> <span class='ocrx_word' id='word_1_41' title='bbox 946 967 1045 1020; x_wconf 90' lang='lat' dir='ltr'><strong>suam</strong></span> <span class='ocrx_word' id='word_1_42' title='bbox 1078 945 1142 1017; x_wconf 87' lang='lat' dir='ltr'><strong>de·</strong></span> 
     </span>
     <span class='ocr_line' id='line_1_7' title="bbox 68 1069 1140 1166; baseline -0.004 -26"><span class='ocrx_word' id='word_1_43' title='bbox 68 1072 283 1144; x_wconf 83' lang='lat' dir='ltr'><strong>lactationem</strong></span> <span class='ocrx_word' id='word_1_44' title='bbox 304 1073 478 1157; x_wconf 78' lang='lat' dir='ltr'><strong>abditam3</strong></span> <span class='ocrx_word' id='word_1_45' title='bbox 498 1095 564 1146; x_wconf 89' lang='lat' dir='ltr'><strong>ceu</strong></span> <span class='ocrx_word' id='word_1_46' title='bbox 583 1073 744 1166; x_wconf 80' lang='lat' dir='ltr'><strong>quadan</strong></span> <span class='ocrx_word' id='word_1_47' title='bbox 764 1075 892 1166; x_wconf 67' lang='lat' dir='ltr'><strong>epulae,</strong></span> <span class='ocrx_word' id='word_1_48' title='bbox 918 1092 1007 1165; x_wconf 85' lang='lat' dir='ltr'><strong>quas</strong></span> <span class='ocrx_word' id='word_1_49' title='bbox 1029 1069 1140 1163; x_wconf 78' lang='lat' dir='ltr'><strong>gelari</strong></span> 
     </span>
     <span class='ocr_line' id='line_1_8' title="bbox 67 1194 1140 1289; baseline -0.001 -24"><span class='ocrx_word' id='word_1_50' title='bbox 67 1197 229 1289; x_wconf 91' lang='lat' dir='ltr'><strong>oportuit,</strong></span> <span class='ocrx_word' id='word_1_51' title='bbox 263 1218 328 1268; x_wconf 90' lang='lat' dir='ltr'><strong>neo</strong></span> <span class='ocrx_word' id='word_1_52' title='bbox 360 1196 542 1280; x_wconf 86' lang='lat' dir='ltr'><strong>successit,</strong></span> <span class='ocrx_word' id='word_1_53' title='bbox 577 1197 612 1266; x_wconf 92' lang='lat' dir='ltr'><strong>in</strong></span> <span class='ocrx_word' id='word_1_54' title='bbox 652 1194 780 1288; x_wconf 89' lang='lat' dir='ltr'><strong>quibus</strong></span> <span class='ocrx_word' id='word_1_55' title='bbox 820 1195 888 1268; x_wconf 85' lang='lat' dir='ltr'><strong>etsi</strong></span> <span class='ocrx_word' id='word_1_56' title='bbox 925 1197 1035 1266; x_wconf 88' lang='lat' dir='ltr'><strong>lorma</strong></span> <span class='ocrx_word' id='word_1_57' title='bbox 1069 1213 1140 1265; x_wconf 95' lang='lat' dir='ltr'><strong>non</strong></span> 
     </span>
     <span class='ocr_line' id='line_1_9' title="bbox 67 1317 1141 1413; baseline 0.003 -27"><span class='ocrx_word' id='word_1_58' title='bbox 67 1317 209 1402; x_wconf 85' lang='lat' dir='ltr'><strong>haereat,</strong></span> <span class='ocrx_word' id='word_1_59' title='bbox 223 1340 326 1412; x_wconf 90' lang='lat' dir='ltr'><strong>sapor</strong></span> <span class='ocrx_word' id='word_1_60' title='bbox 343 1328 458 1391; x_wconf 89' lang='lat' dir='ltr'><strong>tamen</strong></span> <span class='ocrx_word' id='word_1_61' title='bbox 476 1318 631 1413; x_wconf 90' lang='lat' dir='ltr'><strong>odorque</strong></span> <span class='ocrx_word' id='word_1_62' title='bbox 647 1341 717 1390; x_wconf 92' lang='lat' dir='ltr'><strong>non</strong></span> <span class='ocrx_word' id='word_1_63' title='bbox 735 1329 893 1412; x_wconf 84' lang='lat' dir='ltr'><strong>pereunt.</strong></span> <span class='ocrx_word' id='word_1_64' title='bbox 911 1317 1037 1410; x_wconf 79' lang='lat' dir='ltr'><strong>Pergat</strong></span> <span class='ocrx_word' id='word_1_65' title='bbox 1053 1337 1141 1410; x_wconf 79' lang='lat' dir='ltr'><strong>ergo</strong></span> 
     </span>
     <span class='ocr_line' id='line_1_10' title="bbox 68 1438 1140 1533; baseline 0.003 -23"><span class='ocrx_word' id='word_1_66' title='bbox 68 1438 155 1512; x_wconf 91' lang='lat' dir='ltr'><strong>bene</strong></span> <span class='ocrx_word' id='word_1_67' title='bbox 176 1442 375 1514; x_wconf 88' lang='lat' dir='ltr'><strong>iuvantibus</strong></span> <span class='ocrx_word' id='word_1_68' title='bbox 396 1442 480 1529; x_wconf 80' lang='lat' dir='ltr'><strong>uiis,</strong></span> <span class='ocrx_word' id='word_1_69' title='bbox 501 1452 536 1515; x_wconf 88' lang='lat' dir='ltr'><strong>et</strong></span> <span class='ocrx_word' id='word_1_70' title='bbox 556 1444 744 1516; x_wconf 82' lang='lat' dir='ltr'><strong>Homerum</strong></span> <span class='ocrx_word' id='word_1_71' title='bbox 766 1440 866 1514; x_wconf 89' lang='lat' dir='ltr'><strong>nobis</strong></span> <span class='ocrx_word' id='word_1_72' title='bbox 888 1442 1059 1533; x_wconf 88' lang='lat' dir='ltr'><strong>perditum</strong></span> <span class='ocrx_word' id='word_1_73' title='bbox 1084 1462 1140 1513; x_wconf 84' lang='lat' dir='ltr'><strong>re-</strong></span> 
     </span>
     <span class='ocr_line' id='line_1_11' title="bbox 66 1562 1140 1659; baseline 0.005 -29"><span class='ocrx_word' id='word_1_74' title='bbox 66 1562 204 1646; x_wconf 91' lang='lat' dir='ltr'><strong>stituat;</strong></span> <span class='ocrx_word' id='word_1_75' title='bbox 228 1565 343 1657; x_wconf 91' lang='lat' dir='ltr'><strong>quoad</strong></span> <span class='ocrx_word' id='word_1_76' title='bbox 359 1565 457 1650; x_wconf 89' lang='lat' dir='ltr'><strong>alios,</strong></span> <span class='ocrx_word' id='word_1_77' title='bbox 485 1565 576 1659; x_wconf 90' lang='lat' dir='ltr'><strong>pium</strong></span> <span class='ocrx_word' id='word_1_78' title='bbox 599 1565 812 1658; x_wconf 89' lang='lat' dir='ltr'><strong>propositum</strong></span> <span class='ocrx_word' id='word_1_79' title='bbox 831 1563 998 1636; x_wconf 90' lang='lat' dir='ltr'><strong>divinitus</strong></span> <span class='ocrx_word' id='word_1_80' title='bbox 1018 1582 1140 1657; x_wconf 81' lang='lat' dir='ltr'><strong>prose·</strong></span> 
     </span>
     <span class='ocr_line' id='line_1_12' title="bbox 64 1684 1138 1780; baseline 0.001 -24"><span class='ocrx_word' id='word_1_81' title='bbox 64 1701 201 1780; x_wconf 89' lang='lat' dir='ltr'><strong>quetur.</strong></span> <span class='ocrx_word' id='word_1_82' title='bbox 228 1686 313 1758; x_wconf 89' lang='lat' dir='ltr'><strong>Nam</strong></span> <span class='ocrx_word' id='word_1_83' title='bbox 337 1689 430 1780; x_wconf 92' lang='lat' dir='ltr'><strong>qnod</strong></span> <span class='ocrx_word' id='word_1_84' title='bbox 456 1687 665 1760; x_wconf 90' lang='lat' dir='ltr'><strong>Platonicum</strong></span> <span class='ocrx_word' id='word_1_85' title='bbox 686 1689 866 1770; x_wconf 89' lang='lat' dir='ltr'><strong>volumen,</strong></span> <span class='ocrx_word' id='word_1_86' title='bbox 889 1684 984 1780; x_wconf 93' lang='lat' dir='ltr'><strong>qnod</strong></span> <span class='ocrx_word' id='word_1_87' title='bbox 1008 1708 1056 1757; x_wconf 83' lang='lat' dir='ltr'><strong>ex</strong></span> <span class='ocrx_word' id='word_1_88' title='bbox 1080 1684 1138 1757; x_wconf 92' lang='lat' dir='ltr'><strong>illo</strong></span> 
     </span>
     <span class='ocr_line' id='line_1_13' title="bbox 67 1808 1136 1903; baseline 0.001 -26"><span class='ocrx_word' id='word_1_89' title='bbox 67 1810 265 1903; x_wconf 82' lang='lat' dir='ltr'><strong>transalpini</strong></span> <span class='ocrx_word' id='word_1_90' title='bbox 289 1812 379 1882; x_wconf 89' lang='lat' dir='ltr'><strong>ruris</strong></span> <span class='ocrx_word' id='word_1_91' title='bbox 407 1812 579 1897; x_wconf 88' lang='lat' dir='ltr'><strong>incendio,</strong></span> <span class='ocrx_word' id='word_1_92' title='bbox 597 1822 754 1903; x_wconf 85' lang='lat' dir='ltr'><strong>ereptum</strong></span> <span class='ocrx_word' id='word_1_93' title='bbox 776 1811 870 1882; x_wconf 93' lang='lat' dir='ltr'><strong>domi</strong></span> <span class='ocrx_word' id='word_1_94' title='bbox 888 1808 1014 1892; x_wconf 86' lang='lat' dir='ltr'><strong>habeo,</strong></span> <span class='ocrx_word' id='word_1_95' title='bbox 1035 1809 1136 1880; x_wconf 88' lang='lat' dir='ltr'><strong>simul</strong></span> 
     </span>
     <span class='ocr_line' id='line_1_14' title="bbox 65 1931 1137 2025; baseline -0.001 -23"><span class='ocrx_word' id='word_1_96' title='bbox 65 1933 218 2023; x_wconf 86' lang='lat' dir='ltr'><strong>poscitis,</strong></span> <span class='ocrx_word' id='word_1_97' title='bbox 233 1944 387 2005; x_wconf 90' lang='lat' dir='ltr'><strong>vestrum</strong></span> <span class='ocrx_word' id='word_1_98' title='bbox 406 1934 488 2004; x_wconf 91' lang='lat' dir='ltr'><strong>mihi</strong></span> <span class='ocrx_word' id='word_1_99' title='bbox 506 1935 725 2007; x_wconf 90' lang='lat' dir='ltr'><strong>commendat</strong></span> <span class='ocrx_word' id='word_1_100' title='bbox 741 1934 900 2007; x_wconf 90' lang='lat' dir='ltr'><strong>ardorem</strong></span> <span class='ocrx_word' id='word_1_101' title='bbox 919 1943 954 2003; x_wconf 90' lang='lat' dir='ltr'><strong>et</strong></span> <span class='ocrx_word' id='word_1_102' title='bbox 971 1931 1006 2002; x_wconf 94' lang='lat' dir='ltr'><strong>id</strong></span> <span class='ocrx_word' id='word_1_103' title='bbox 1023 1932 1137 2025; x_wconf 89' lang='lat' dir='ltr'><strong>ipsum</strong></span> 
     </span>
     <span class='ocr_line' id='line_1_15' title="bbox 64 2054 1139 2153; baseline 0 -26"><span class='ocrx_word' id='word_1_104' title='bbox 64 2066 222 2149; x_wconf 89' lang='lat' dir='ltr'><strong>paratum</strong></span> <span class='ocrx_word' id='word_1_105' title='bbox 240 2058 305 2128; x_wconf 87' lang='lat' dir='ltr'><strong>erit</strong></span> <span class='ocrx_word' id='word_1_106' title='bbox 321 2069 486 2152; x_wconf 88' lang='lat' dir='ltr'><strong>tempore.</strong></span> <span class='ocrx_word' id='word_1_107' title='bbox 501 2059 571 2132; x_wconf 87' lang='lat' dir='ltr'><strong>Nec</strong></span> <span class='ocrx_word' id='word_1_108' title='bbox 588 2059 727 2131; x_wconf 89' lang='lat' dir='ltr'><strong>omnino</strong></span> <span class='ocrx_word' id='word_1_109' title='bbox 743 2057 873 2153; x_wconf 91' lang='lat' dir='ltr'><strong>aliquid</strong></span> <span class='ocrx_word' id='word_1_110' title='bbox 890 2057 994 2131; x_wconf 88' lang='lat' dir='ltr'><strong>tantis</strong></span> <span class='ocrx_word' id='word_1_111' title='bbox 1015 2054 1139 2151; x_wconf 73' lang='lat' dir='ltr'><strong>creptis</strong></span> 
     </span>
     <span class='ocr_line' id='line_1_16' title="bbox 64 2179 1138 2273; baseline -0.002 -23"><span class='ocrx_word' id='word_1_112' title='bbox 64 2202 128 2273; x_wconf 90' lang='lat' dir='ltr'><strong>per</strong></span> <span class='ocrx_word' id='word_1_113' title='bbox 149 2201 204 2251; x_wconf 91' lang='lat' dir='ltr'><strong>me</strong></span> <span class='ocrx_word' id='word_1_114' title='bbox 223 2179 343 2253; x_wconf 90' lang='lat' dir='ltr'><strong>deerit.</strong></span> <span class='ocrx_word' id='word_1_115' title='bbox 366 2181 436 2252; x_wconf 88' lang='lat' dir='ltr'><strong>Sed</strong></span> <span class='ocrx_word' id='word_1_116' title='bbox 457 2182 645 2254; x_wconf 91' lang='lat' dir='ltr'><strong>videndum</strong></span> <span class='ocrx_word' id='word_1_117' title='bbox 666 2181 768 2253; x_wconf 86' lang='lat' dir='ltr'><strong>vobis</strong></span> <span class='ocrx_word' id='word_1_118' title='bbox 792 2191 861 2265; x_wconf 89' lang='lat' dir='ltr'><strong>est,</strong></span> <span class='ocrx_word' id='word_1_119' title='bbox 889 2203 933 2253; x_wconf 92' lang='lat' dir='ltr'><strong>ne</strong></span> <span class='ocrx_word' id='word_1_120' title='bbox 959 2180 1022 2252; x_wconf 79' lang='lat' dir='ltr'><strong>llos</strong></span> <span class='ocrx_word' id='word_1_121' title='bbox 1048 2179 1138 2252; x_wconf 87' lang='lat' dir='ltr'><strong>duos</strong></span> 
     </span>
    </p>
   </div>
   <div class='ocr_carea' id='block_1_3' title="bbox 64 2302 1138 3006">
    <p class='ocr_par' dir='ltr' id='par_1_3' title="bbox 64 2302 1138 2886">
     <span class='ocr_line' id='line_1_17' title="bbox 65 2302 1136 2399; baseline 0.001 -26"><span class='ocrx_word' id='word_1_122' title='bbox 65 2313 180 2376; x_wconf 89' lang='lat' dir='ltr'><strong>tantos</strong></span> <span class='ocrx_word' id='word_1_123' title='bbox 200 2305 374 2399; x_wconf 86' lang='lat' dir='ltr'><strong>principes</strong></span> <span class='ocrx_word' id='word_1_124' title='bbox 398 2303 579 2376; x_wconf 87' lang='lat' dir='ltr'><strong>Graiorum</strong></span> <span class='ocrx_word' id='word_1_125' title='bbox 609 2329 677 2378; x_wconf 91' lang='lat' dir='ltr'><strong>uno</strong></span> <span class='ocrx_word' id='word_1_126' title='bbox 701 2309 795 2378; x_wconf 80' lang='lat' dir='ltr'><strong>fasce</strong></span> <span class='ocrx_word' id='word_1_127' title='bbox 819 2307 1027 2377; x_wconf 86' lang='lat' dir='ltr'><strong>convolvere</strong></span> <span class='ocrx_word' id='word_1_128' title='bbox 1048 2302 1136 2374; x_wconf 92' lang='lat' dir='ltr'><strong>iniu-</strong></span> 
     </span>
     <span class='ocr_line' id='line_1_18' title="bbox 64 2413 1137 2520; baseline -0.001 -24"><span class='ocrx_word' id='word_1_129' title='bbox 64 2428 191 2497; x_wconf 87' lang='lat' dir='ltr'><strong>riosius</strong></span> <span class='ocrx_word' id='word_1_130' title='bbox 212 2429 270 2509; x_wconf 89' lang='lat' dir='ltr'><strong>sit,</strong></span> <span class='ocrx_word' id='word_1_131' title='bbox 292 2441 327 2497; x_wconf 92' lang='lat' dir='ltr'><strong>et</strong></span> <span class='ocrx_word' id='word_1_132' title='bbox 352 2413 515 2499; x_wconf 74' lang='lat' dir='ltr'><strong>mortales</strong></span> <span class='ocrx_word' id='word_1_133' title='bbox 536 2427 702 2498; x_wconf 90' lang='lat' dir='ltr'><strong>humeros</strong></span> <span class='ocrx_word' id='word_1_134' title='bbox 721 2436 919 2520; x_wconf 79' lang='lat' dir='ltr'><strong>praegravet</strong></span> <span class='ocrx_word' id='word_1_135' title='bbox 939 2426 1137 2498; x_wconf 90' lang='lat' dir='ltr'><strong>divinorum</strong></span> 
     </span>
     <span class='ocr_line' id='line_1_19' title="bbox 65 2547 1138 2641; baseline 0.002 -25"><span class='ocrx_word' id='word_1_136' title='bbox 65 2548 200 2641; x_wconf 91' lang='lat' dir='ltr'><strong>pondus</strong></span> <span class='ocrx_word' id='word_1_137' title='bbox 221 2549 448 2640; x_wconf 81' lang='lat' dir='ltr'><strong>ingeniorum.</strong></span> <span class='ocrx_word' id='word_1_138' title='bbox 471 2549 717 2641; x_wconf 67' lang='lat' dir='ltr'><strong>aggrediatur,</strong></span> <span class='ocrx_word' id='word_1_139' title='bbox 741 2550 812 2621; x_wconf 86' lang='lat' dir='ltr'><strong>Deo</strong></span> <span class='ocrx_word' id='word_1_140' title='bbox 832 2547 988 2640; x_wconf 86' lang='lat' dir='ltr'><strong>auspice,</strong></span> <span class='ocrx_word' id='word_1_141' title='bbox 1010 2570 1030 2619; x_wconf 90' lang='lat' dir='ltr'><strong>e</strong></span> <span class='ocrx_word' id='word_1_142' title='bbox 1049 2547 1138 2618; x_wconf 93' lang='lat' dir='ltr'><strong>duo·</strong></span> 
     </span>
     <span class='ocr_line' id='line_1_20' title="bbox 65 2666 1137 2768; baseline 0.003 -31"><span class='ocrx_word' id='word_1_143' title='bbox 65 2666 132 2740; x_wconf 91' lang='lat' dir='ltr'><strong>bus</strong></span> <span class='ocrx_word' id='word_1_144' title='bbox 163 2673 325 2754; x_wconf 86' lang='lat' dir='ltr'><strong>alterum,</strong></span> <span class='ocrx_word' id='word_1_145' title='bbox 348 2681 382 2742; x_wconf 88' lang='lat' dir='ltr'><strong>et</strong></span> <span class='ocrx_word' id='word_1_146' title='bbox 403 2670 497 2742; x_wconf 91' lang='lat' dir='ltr'><strong>illum</strong></span> <span class='ocrx_word' id='word_1_147' title='bbox 519 2670 631 2768; x_wconf 92' lang='lat' dir='ltr'><strong>primo</strong></span> <span class='ocrx_word' id='word_1_148' title='bbox 651 2671 710 2765; x_wconf 94' lang='lat' dir='ltr'><strong>qui</strong></span> <span class='ocrx_word' id='word_1_149' title='bbox 731 2669 849 2742; x_wconf 91' lang='lat' dir='ltr'><strong>multis</strong></span> <span class='ocrx_word' id='word_1_150' title='bbox 876 2669 1013 2742; x_wconf 85' lang='lat' dir='ltr'><strong>saeculis</strong></span> <span class='ocrx_word' id='word_1_151' title='bbox 1039 2667 1137 2763; x_wconf 86' lang='lat' dir='ltr'><strong>prius</strong></span> 
     </span>
     <span class='ocr_line' id='line_1_21' title="bbox 65 2790 728 2886; baseline 0.003 -24"><span class='ocrx_word' id='word_1_152' title='bbox 65 2790 212 2886; x_wconf 83' lang='lat' dir='ltr'><strong>scripsit.</strong></span> <span class='ocrx_word' id='word_1_153' title='bbox 234 2793 330 2865; x_wconf 88' lang='lat' dir='ltr'><strong>Vale.</strong></span> <span class='ocrx_word' id='word_1_154' title='bbox 725 2805 728 2811; x_wconf 88' lang='lat'>&#39;</span> 
     </span>
    </p>

    <p class='ocr_par' dir='ltr' id='par_1_4' title="bbox 203 2931 780 3006">
     <span class='ocr_line' id='line_1_22' title="bbox 203 2931 780 3006; baseline 0.003 -20"><span class='ocrx_word' id='word_1_155' title='bbox 203 2931 361 3002; x_wconf 76' lang='lat' dir='ltr'><strong>Mediolani,</strong></span> <span class='ocrx_word' id='word_1_156' title='bbox 379 2933 437 2987; x_wconf 82' lang='lat' dir='ltr'><strong>xv.</strong></span> <span class='ocrx_word' id='word_1_157' title='bbox 453 2932 590 2989; x_wconf 85' lang='lat' dir='ltr'><strong>Kalendas</strong></span> <span class='ocrx_word' id='word_1_158' title='bbox 602 2933 780 3006; x_wconf 86' lang='lat' dir='ltr'><strong>Septembris.</strong></span> 
     </span>
    </p>
   </div>
   <div class='ocr_carea' id='block_1_4' title="bbox 455 3316 746 3381">
    <p class='ocr_par' dir='ltr' id='par_1_5' title="bbox 455 3316 746 3381">
     <span class='ocr_line' id='line_1_23' title="bbox 455 3316 746 3381; baseline -0.003 0"><span class='ocrx_word' id='word_1_159' title='bbox 455 3316 631 3381; x_wconf 81' lang='lat' dir='ltr'><strong>uPlslom</strong></span> <span class='ocrx_word' id='word_1_160' title='bbox 652 3317 746 3380; x_wconf 84' lang='lat' dir='ltr'><strong>XXVI.</strong></span> 
     </span>
    </p>
   </div>
   <div class='ocr_carea' id='block_1_5' title="bbox 111 3485 1089 3636">
    <p class='ocr_par' dir='ltr' id='par_1_6' title="bbox 111 3485 1089 3636">
     <span class='ocr_line' id='line_1_24' title="bbox 111 3485 1089 3538; baseline -0.003 -2"><span class='ocrx_word' id='word_1_161' title='bbox 111 3485 303 3536; x_wconf 74' lang='lat' dir='ltr'><strong>Fatuclsctls</strong></span> <span class='ocrx_word' id='word_1_162' title='bbox 324 3485 490 3535; x_wconf 76' lang='lat' dir='ltr'><strong>Pssrutucu</strong></span> <span class='ocrx_word' id='word_1_163' title='bbox 512 3487 704 3538; x_wconf 76' lang='lat' dir='ltr'><strong>uuuunluoo</strong></span> <span class='ocrx_word' id='word_1_164' title='bbox 726 3487 819 3537; x_wconf 75' lang='lat' dir='ltr'>CARI).</span> <span class='ocrx_word' id='word_1_165' title='bbox 840 3487 889 3536; x_wconf 80' lang='grc' dir='ltr'><strong>ΕΡ.</strong></span> <span class='ocrx_word' id='word_1_166' title='bbox 912 3485 1089 3535; x_wconf 74' lang='lat' dir='ltr'><strong>llLllrlNENSl</strong></span> 
     </span>
     <span class='ocr_line' id='line_1_25' title="bbox 535 3583 773 3636; baseline 0.004 -1"><span class='ocrx_word' id='word_1_167' title='bbox 535 3587 561 3635; x_wconf 90' lang='lat' dir='ltr'><strong>S.</strong></span> <span class='ocrx_word' id='word_1_168' title='bbox 583 3588 610 3635; x_wconf 89' lang='lat' dir='ltr'><strong>P.</strong></span> <span class='ocrx_word' id='word_1_169' title='bbox 633 3587 664 3636; x_wconf 83' lang='lat' dir='ltr'><strong>D.</strong></span> <span class='ocrx_word' id='word_1_170' title='bbox 770 3583 773 3587; x_wconf 66' lang='grc'><em>’</em></span> 
     </span>
    </p>
   </div>
   <div class='ocr_carea' id='block_1_6' title="bbox 97 3725 1099 3888">
    <p class='ocr_par' dir='ltr' id='par_1_7' title="bbox 97 3725 1099 3888">
     <span class='ocr_line' id='line_1_26' title="bbox 97 3725 1099 3802; baseline -0.004 -18"><span class='ocrx_word' id='word_1_171' title='bbox 97 3729 256 3787; x_wconf 86' lang='lat' dir='ltr'><strong>Gratulatur</strong></span> <span class='ocrx_word' id='word_1_172' title='bbox 270 3729 305 3786; x_wconf 93' lang='lat' dir='ltr'><strong>ob</strong></span> <span class='ocrx_word' id='word_1_173' title='bbox 319 3745 415 3802; x_wconf 86' lang='lat' dir='ltr'><strong>pacem</strong></span> <span class='ocrx_word' id='word_1_174' title='bbox 431 3744 463 3783; x_wconf 88' lang='lat' dir='ltr'><strong>co</strong></span> <span class='ocrx_word' id='word_1_175' title='bbox 478 3735 643 3800; x_wconf 88' lang='lat' dir='ltr'><strong>procurante</strong></span> <span class='ocrx_word' id='word_1_176' title='bbox 658 3729 754 3783; x_wconf 90' lang='lat' dir='ltr'><strong>initam</strong></span> <span class='ocrx_word' id='word_1_177' title='bbox 769 3730 840 3784; x_wconf 90' lang='lat' dir='ltr'><strong>inter</strong></span> <span class='ocrx_word' id='word_1_178' title='bbox 854 3743 933 3800; x_wconf 80' lang='lat' dir='ltr'><strong>reges</strong></span> <span class='ocrx_word' id='word_1_179' title='bbox 948 3725 1099 3782; x_wconf 88' lang='lat' dir='ltr'><strong>Galliarum</strong></span> 
     </span>
     <span class='ocr_line' id='line_1_27' title="bbox 519 3816 675 3888; baseline 0 -18"><span class='ocrx_word' id='word_1_180' title='bbox 519 3823 546 3871; x_wconf 89' lang='lat' dir='ltr'><strong>ct</strong></span> <span class='ocrx_word' id='word_1_181' title='bbox 560 3816 675 3888; x_wconf 80' lang='lat' dir='ltr'><strong>Angliae.</strong></span> 
     </span>
    </p>
   </div>
   <div class='ocr_carea' id='block_1_7' title="bbox 63 4029 1133 4257">
    <p class='ocr_par' dir='ltr' id='par_1_8' title="bbox 63 4029 1133 4257">
     <span class='ocr_line' id='line_1_28' title="bbox 159 4029 1133 4126; baseline -0.003 -24"><span class='ocrx_word' id='word_1_182' title='bbox 159 4031 233 4102; x_wconf 85' lang='lat' dir='ltr'><strong>Lex</strong></span> <span class='ocrx_word' id='word_1_183' title='bbox 253 4032 470 4126; x_wconf 89' lang='lat' dir='ltr'><strong>triumphalis</strong></span> <span class='ocrx_word' id='word_1_184' title='bbox 487 4031 606 4104; x_wconf 82' lang='lat' dir='ltr'><strong>Romae</strong></span> <span class='ocrx_word' id='word_1_185' title='bbox 622 4030 686 4104; x_wconf 86' lang='lat' dir='ltr'><strong>tuit</strong></span> <span class='ocrx_word' id='word_1_186' title='bbox 702 4031 819 4102; x_wconf 91' lang='lat' dir='ltr'><strong>multis</strong></span> <span class='ocrx_word' id='word_1_187' title='bbox 838 4041 976 4103; x_wconf 88' lang='lat' dir='ltr'><strong>servata</strong></span> <span class='ocrx_word' id='word_1_188' title='bbox 995 4029 1133 4100; x_wconf 82' lang='lat' dir='ltr'><strong>saeculis</strong></span> 
     </span>
     <span class='ocr_line' id='line_1_29' title="bbox 63 4152 1133 4257; baseline -0.001 -33"><span class='ocrx_word' id='word_1_189' title='bbox 63 4176 105 4225; x_wconf 91' lang='lat' dir='ltr'><strong>ne</strong></span> <span class='ocrx_word' id='word_1_190' title='bbox 118 4155 197 4246; x_wconf 85' lang='lat' dir='ltr'><strong>quis</strong></span> <span class='ocrx_word' id='word_1_191' title='bbox 210 4155 444 4250; x_wconf 88' lang='lat' dir='ltr'><strong>triumpharet,</strong></span> <span class='ocrx_word' id='word_1_192' title='bbox 460 4154 526 4229; x_wconf 91' lang='lat' dir='ltr'><strong>nisi</strong></span> <span class='ocrx_word' id='word_1_193' title='bbox 540 4155 693 4248; x_wconf 89' lang='lat' dir='ltr'><strong>quinque</strong></span> <span class='ocrx_word' id='word_1_194' title='bbox 712 4153 863 4228; x_wconf 83' lang='lat' dir='ltr'><strong>hostium</strong></span> <span class='ocrx_word' id='word_1_195' title='bbox 884 4152 990 4257; x_wconf 83' lang='lat' dir='ltr'><strong>millia</strong></span> <span class='ocrx_word' id='word_1_196' title='bbox 1009 4155 1133 4227; x_wconf 86' lang='lat' dir='ltr'><strong>saltem</strong></span> 
     </span>
    </p>
   </div>
   <div class='ocr_carea' id='block_1_8' title="bbox 0 0 1340 4688">
    <p class='ocr_par' dir='ltr' id='par_1_9' title="bbox 0 0 1340 4688">
     <span class='ocr_line' id='line_1_30' title="bbox 0 0 1340 4688; baseline 0 1"><span class='ocrx_word' id='word_1_197' title='bbox 0 0 1340 4688; x_wconf 95' lang='lat' dir='ltr'><strong> </strong></span> 
     </span>
    </p>
   </div>
  </div>
 </body>
</html>
