<?xml version="1.0" encoding="UTF-8"?>
<!DOCTYPE html PUBLIC "-//W3C//DTD XHTML 1.0 Transitional//EN"
    "http://www.w3.org/TR/xhtml1/DTD/xhtml1-transitional.dtd">
<html xmlns="http://www.w3.org/1999/xhtml" xml:lang="en" lang="en">
 <head>
  <title>
</title>
<meta http-equiv="Content-Type" content="text/html;charset=utf-8" />
  <meta name='ocr-system' content='tesseract 3.04.00' />
  <meta name='ocr-capabilities' content='ocr_page ocr_carea ocr_par ocr_line ocrx_word'/>
</head>
<body>
  <div class='ocr_page' id='page_1' title='image "./epistolaederebu01fracgoog_0327.png"; bbox 0 0 2670 4688; ppageno 0'>
   <div class='ocr_carea' id='block_1_1' title="bbox 544 293 1189 352">
    <p class='ocr_par' dir='ltr' id='par_1_1' title="bbox 544 293 1189 352">
     <span class='ocr_line' id='line_1_1' title="bbox 544 293 1189 352; baseline 0 -1"><span class='ocrx_word' id='word_1_1' title='bbox 544 304 696 352; x_wconf 77' lang='grc'><strong>11111011</strong></span> <span class='ocrx_word' id='word_1_2' title='bbox 719 306 759 351; x_wconf 81' lang='lat' dir='ltr'><strong>rx.</strong></span> <span class='ocrx_word' id='word_1_3' title='bbox 1132 293 1189 352; x_wconf 71' lang='grc'><strong>313</strong></span> 
     </span>
    </p>
   </div>
   <div class='ocr_carea' id='block_1_2' title="bbox 104 450 1192 1621">
    <p class='ocr_par' dir='ltr' id='par_1_2' title="bbox 104 450 1192 1621">
     <span class='ocr_line' id='line_1_2' title="bbox 108 450 1190 546; baseline -0.001 -21"><span class='ocrx_word' id='word_1_4' title='bbox 108 469 163 527; x_wconf 86' lang='lat' dir='ltr'><strong>tua</strong></span> <span class='ocrx_word' id='word_1_5' title='bbox 185 456 288 546; x_wconf 80' lang='lat' dir='ltr'><strong>gravi</strong></span> <span class='ocrx_word' id='word_1_6' title='bbox 309 450 538 542; x_wconf 81' lang='lat' dir='ltr'><strong>aegritudine,</strong></span> <span class='ocrx_word' id='word_1_7' title='bbox 569 471 651 542; x_wconf 83' lang='lat' dir='ltr'><strong>quae</strong></span> <span class='ocrx_word' id='word_1_8' title='bbox 686 473 741 520; x_wconf 93' lang='lat' dir='ltr'><strong>me</strong></span> <span class='ocrx_word' id='word_1_9' title='bbox 771 451 994 523; x_wconf 89' lang='lat' dir='ltr'><strong>vehementer</strong></span> <span class='ocrx_word' id='word_1_10' title='bbox 1019 455 1190 524; x_wconf 84' lang='lat' dir='ltr'><strong>exterruit</strong></span> 
     </span>
     <span class='ocr_line' id='line_1_3' title="bbox 105 570 1186 658; baseline 0 -11"><span class='ocrx_word' id='word_1_11' title='bbox 105 590 139 647; x_wconf 88' lang='lat' dir='ltr'><strong>et</strong></span> <span class='ocrx_word' id='word_1_12' title='bbox 159 576 304 658; x_wconf 79' lang='lat' dir='ltr'><strong>afflixit,</strong></span> <span class='ocrx_word' id='word_1_13' title='bbox 336 574 415 644; x_wconf 87' lang='lat' dir='ltr'><strong>stilo</strong></span> <span class='ocrx_word' id='word_1_14' title='bbox 447 594 528 643; x_wconf 86' lang='lat' dir='ltr'><strong>sese</strong></span> <span class='ocrx_word' id='word_1_15' title='bbox 555 573 726 654; x_wconf 87' lang='lat' dir='ltr'><strong>offerunt;</strong></span> <span class='ocrx_word' id='word_1_16' title='bbox 750 570 812 642; x_wconf 90' lang='lat' dir='ltr'><strong>sed</strong></span> <span class='ocrx_word' id='word_1_17' title='bbox 839 582 907 641; x_wconf 84' lang='lat' dir='ltr'><strong>tam</strong></span> <span class='ocrx_word' id='word_1_18' title='bbox 930 574 1036 644; x_wconf 86' lang='lat' dir='ltr'><strong>multa</strong></span> <span class='ocrx_word' id='word_1_19' title='bbox 1056 587 1092 646; x_wconf 93' lang='lat' dir='ltr'><strong>et</strong></span> <span class='ocrx_word' id='word_1_20' title='bbox 1118 585 1186 646; x_wconf 90' lang='lat' dir='ltr'><strong>tam</strong></span> 
     </span>
     <span class='ocr_line' id='line_1_4' title="bbox 107 693 1189 790; baseline 0.002 -23"><span class='ocrx_word' id='word_1_21' title='bbox 107 707 331 787; x_wconf 84' lang='lat' dir='ltr'><strong>magnasunt</strong></span> <span class='ocrx_word' id='word_1_22' title='bbox 352 707 388 766; x_wconf 95' lang='lat' dir='ltr'><strong>ut</strong></span> <span class='ocrx_word' id='word_1_23' title='bbox 407 717 448 766; x_wconf 87' lang='lat' dir='ltr'><strong>ea</strong></span> <span class='ocrx_word' id='word_1_24' title='bbox 470 697 586 765; x_wconf 89' lang='lat' dir='ltr'><strong>fessus</strong></span> <span class='ocrx_word' id='word_1_25' title='bbox 614 693 769 765; x_wconf 89' lang='lat' dir='ltr'><strong>calamus</strong></span> <span class='ocrx_word' id='word_1_26' title='bbox 795 693 1013 764; x_wconf 77' lang='lat' dir='ltr'><strong>reformidet:</strong></span> <span class='ocrx_word' id='word_1_27' title='bbox 1040 695 1189 790; x_wconf 90' lang='lat' dir='ltr'><strong>ideoque</strong></span> 
     </span>
     <span class='ocr_line' id='line_1_5' title="bbox 105 814 1186 912; baseline 0 -23"><span class='ocrx_word' id='word_1_28' title='bbox 105 831 286 912; x_wconf 84' lang='lat' dir='ltr'><strong>praetereo,</strong></span> <span class='ocrx_word' id='word_1_29' title='bbox 301 838 412 908; x_wconf 89' lang='lat' dir='ltr'><strong>coque</strong></span> <span class='ocrx_word' id='word_1_30' title='bbox 431 818 589 887; x_wconf 86' lang='lat' dir='ltr'>maxime</span> <span class='ocrx_word' id='word_1_31' title='bbox 603 814 716 906; x_wconf 91' lang='lat' dir='ltr'><strong>qnod,</strong></span> <span class='ocrx_word' id='word_1_32' title='bbox 735 816 764 884; x_wconf 90' lang='lat' dir='ltr'><strong>si</strong></span> <span class='ocrx_word' id='word_1_33' title='bbox 787 816 962 905; x_wconf 81' lang='lat' dir='ltr'><strong>ingenium</strong></span> <span class='ocrx_word' id='word_1_34' title='bbox 984 827 1083 887; x_wconf 93' lang='lat' dir='ltr'><strong>tuum</strong></span> <span class='ocrx_word' id='word_1_35' title='bbox 1104 822 1186 889; x_wconf 91' lang='lat' dir='ltr'><strong>novi</strong></span> 
     </span>
     <span class='ocr_line' id='line_1_6' title="bbox 104 938 1189 1034; baseline -0.003 -22"><span class='ocrx_word' id='word_1_36' title='bbox 104 939 273 1034; x_wconf 90' lang='lat' dir='ltr'><strong>quidquid</strong></span> <span class='ocrx_word' id='word_1_37' title='bbox 294 940 337 1008; x_wconf 92' lang='lat' dir='ltr'><strong>de</strong></span> <span class='ocrx_word' id='word_1_38' title='bbox 360 938 415 1008; x_wconf 88' lang='lat' dir='ltr'><strong>his</strong></span> <span class='ocrx_word' id='word_1_39' title='bbox 436 959 551 1008; x_wconf 90' lang='lat' dir='ltr'><strong>essem</strong></span> <span class='ocrx_word' id='word_1_40' title='bbox 570 938 737 1015; x_wconf 90' lang='lat' dir='ltr'><strong>dicturus,</strong></span> <span class='ocrx_word' id='word_1_41' title='bbox 754 959 809 1005; x_wconf 91' lang='lat' dir='ltr'><strong>me</strong></span> <span class='ocrx_word' id='word_1_42' title='bbox 826 949 967 1018; x_wconf 89' lang='lat' dir='ltr'><strong>tacente,</strong></span> <span class='ocrx_word' id='word_1_43' title='bbox 983 958 1189 1027; x_wconf 80' lang='lat' dir='ltr'><strong>cognoscas.</strong></span> 
     </span>
     <span class='ocr_line' id='line_1_7' title="bbox 107 1058 1191 1154; baseline 0.003 -23"><span class='ocrx_word' id='word_1_44' title='bbox 107 1063 158 1133; x_wconf 80' lang='lat' dir='ltr'><strong>ad</strong></span> <span class='ocrx_word' id='word_1_45' title='bbox 187 1069 398 1153; x_wconf 89' lang='lat' dir='ltr'><strong>postremum</strong></span> <span class='ocrx_word' id='word_1_46' title='bbox 420 1059 465 1130; x_wconf 93' lang='lat' dir='ltr'><strong>de</strong></span> <span class='ocrx_word' id='word_1_47' title='bbox 482 1058 664 1149; x_wconf 82' lang='lat' dir='ltr'><strong>negociolo</strong></span> <span class='ocrx_word' id='word_1_48' title='bbox 686 1059 745 1129; x_wconf 91' lang='lat' dir='ltr'><strong>illo</strong></span> <span class='ocrx_word' id='word_1_49' title='bbox 765 1059 945 1140; x_wconf 78' lang='lat' dir='ltr'><strong>familiari,</strong></span> <span class='ocrx_word' id='word_1_50' title='bbox 971 1061 1076 1132; x_wconf 90' lang='lat' dir='ltr'><strong>facies</strong></span> <span class='ocrx_word' id='word_1_51' title='bbox 1096 1063 1191 1154; x_wconf 92' lang='lat' dir='ltr'><strong>quod</strong></span> 
     </span>
     <span class='ocr_line' id='line_1_8' title="bbox 107 1181 1192 1273; baseline 0.001 -20"><span class='ocrx_word' id='word_1_52' title='bbox 107 1185 165 1253; x_wconf 87' lang='lat' dir='ltr'><strong>tibi</strong></span> <span class='ocrx_word' id='word_1_53' title='bbox 187 1193 358 1254; x_wconf 90' lang='lat' dir='ltr'><strong>occurret:</strong></span> <span class='ocrx_word' id='word_1_54' title='bbox 379 1181 551 1273; x_wconf 90' lang='lat' dir='ltr'><strong>quidquid</strong></span> <span class='ocrx_word' id='word_1_55' title='bbox 575 1181 650 1264; x_wconf 88' lang='lat' dir='ltr'><strong>tibi,</strong></span> <span class='ocrx_word' id='word_1_56' title='bbox 680 1182 847 1273; x_wconf 85' lang='lat' dir='ltr'><strong>placuerit</strong></span> <span class='ocrx_word' id='word_1_57' title='bbox 866 1193 901 1251; x_wconf 89' lang='lat' dir='ltr'><strong>et</strong></span> <span class='ocrx_word' id='word_1_58' title='bbox 921 1182 1015 1250; x_wconf 90' lang='lat' dir='ltr'><strong>mihi.</strong></span> <span class='ocrx_word' id='word_1_59' title='bbox 1037 1184 1121 1253; x_wconf 89' lang='lat' dir='ltr'><strong>Vale</strong></span> <span class='ocrx_word' id='word_1_60' title='bbox 1142 1186 1192 1253; x_wconf 91' lang='lat' dir='ltr'><strong>fe-</strong></span> 
     </span>
     <span class='ocr_line' id='line_1_9' title="bbox 104 1301 1191 1394; baseline 0 -20"><span class='ocrx_word' id='word_1_61' title='bbox 104 1308 213 1376; x_wconf 91' lang='lat' dir='ltr'><strong>liciter</strong></span> <span class='ocrx_word' id='word_1_62' title='bbox 239 1305 461 1394; x_wconf 75' lang='lat' dir='ltr'><strong>fortiterque,</strong></span> <span class='ocrx_word' id='word_1_63' title='bbox 485 1301 547 1372; x_wconf 87' lang='lat' dir='ltr'><strong>Vir</strong></span> <span class='ocrx_word' id='word_1_64' title='bbox 569 1303 776 1385; x_wconf 86' lang='lat' dir='ltr'><strong>clarissime,</strong></span> <span class='ocrx_word' id='word_1_65' title='bbox 799 1303 867 1373; x_wconf 90' lang='lat' dir='ltr'><strong>mei</strong></span> <span class='ocrx_word' id='word_1_66' title='bbox 900 1322 1043 1373; x_wconf 91' lang='lat' dir='ltr'><strong>memor.</strong></span> <span class='ocrx_word' id='word_1_67' title='bbox 1075 1302 1191 1374; x_wconf 86' lang='lat' dir='ltr'><strong>Padua</strong></span> 
     </span>
     <span class='ocr_line' id='line_1_10' title="bbox 104 1423 1189 1516; baseline 0.001 -21"><span class='ocrx_word' id='word_1_68' title='bbox 104 1428 172 1497; x_wconf 89' lang='grc'><strong>1111.</strong></span> <span class='ocrx_word' id='word_1_69' title='bbox 204 1426 349 1497; x_wconf 88' lang='lat' dir='ltr'><strong>Ianuarii</strong></span> <span class='ocrx_word' id='word_1_70' title='bbox 388 1423 584 1516; x_wconf 80' lang='lat' dir='ltr'><strong>algentibus</strong></span> <span class='ocrx_word' id='word_1_71' title='bbox 619 1425 751 1516; x_wconf 81' lang='lat' dir='ltr'><strong>digitis.</strong></span> <span class='ocrx_word' id='word_1_72' title='bbox 788 1426 995 1496; x_wconf 76' lang='lat' dir='ltr'><strong>franciscus</strong></span> <span class='ocrx_word' id='word_1_73' title='bbox 1032 1426 1189 1496; x_wconf 86' lang='lat' dir='ltr'><strong>Petrarca</strong></span> 
     </span>
     <span class='ocr_line' id='line_1_11' title="bbox 104 1548 488 1621; baseline -0.003 -4"><span class='ocrx_word' id='word_1_74' title='bbox 104 1548 488 1621; x_wconf 85' lang='lat' dir='ltr'><strong>recommendationem.</strong></span> 
     </span>
    </p>
   </div>
   <div class='ocr_carea' id='block_1_3' title="bbox 101 1793 1192 2376">
    <p class='ocr_par' dir='ltr' id='par_1_3' title="bbox 101 1793 1192 2376">
     <span class='ocr_line' id='line_1_12' title="bbox 201 1793 1191 1888; baseline 0.001 -24"><span class='ocrx_word' id='word_1_75' title='bbox 201 1798 288 1866; x_wconf 90' lang='lat' dir='ltr'><strong>Sunt</strong></span> <span class='ocrx_word' id='word_1_76' title='bbox 307 1793 399 1888; x_wconf 90' lang='lat' dir='ltr'><strong>apud</strong></span> <span class='ocrx_word' id='word_1_77' title='bbox 439 1817 493 1864; x_wconf 89' lang='lat' dir='ltr'><strong>me</strong></span> <span class='ocrx_word' id='word_1_78' title='bbox 528 1795 633 1865; x_wconf 91' lang='lat' dir='ltr'><strong>huius</strong></span> <span class='ocrx_word' id='word_1_79' title='bbox 665 1795 805 1885; x_wconf 82' lang='lat' dir='ltr'><strong>generis</strong></span> <span class='ocrx_word' id='word_1_80' title='bbox 838 1795 1034 1884; x_wconf 77' lang='lat' dir='ltr'><strong>vulgarium</strong></span> <span class='ocrx_word' id='word_1_81' title='bbox 1076 1793 1191 1865; x_wconf 89' lang='lat' dir='ltr'><strong>adhuc</strong></span> 
     </span>
     <span class='ocr_line' id='line_1_13' title="bbox 108 1915 1192 1997; baseline -0.002 -10"><span class='ocrx_word' id='word_1_82' title='bbox 108 1921 223 1995; x_wconf 80' lang='lat' dir='ltr'><strong>multa,</strong></span> <span class='ocrx_word' id='word_1_83' title='bbox 245 1926 281 1986; x_wconf 93' lang='lat' dir='ltr'><strong>et</strong></span> <span class='ocrx_word' id='word_1_84' title='bbox 301 1916 553 1988; x_wconf 88' lang='lat' dir='ltr'><strong>vetustissimis</strong></span> <span class='ocrx_word' id='word_1_85' title='bbox 577 1915 763 1997; x_wconf 73' lang='lat' dir='ltr'><strong>schedulis</strong></span> <span class='ocrx_word' id='word_1_86' title='bbox 783 1926 818 1985; x_wconf 87' lang='lat' dir='ltr'><strong>et</strong></span> <span class='ocrx_word' id='word_1_87' title='bbox 835 1916 885 1984; x_wconf 88' lang='lat' dir='ltr'><strong>sic</strong></span> <span class='ocrx_word' id='word_1_88' title='bbox 904 1917 1002 1986; x_wconf 92' lang='lat' dir='ltr'><strong>senio</strong></span> <span class='ocrx_word' id='word_1_89' title='bbox 1021 1918 1140 1986; x_wconf 84' lang='lat' dir='ltr'><strong>exesis</strong></span> <span class='ocrx_word' id='word_1_90' title='bbox 1154 1929 1192 1988; x_wconf 95' lang='lat' dir='ltr'><strong>ut</strong></span> 
     </span>
     <span class='ocr_line' id='line_1_14' title="bbox 104 2027 1190 2130; baseline 0.002 -24"><span class='ocrx_word' id='word_1_91' title='bbox 104 2038 164 2107; x_wconf 84' lang='lat' dir='ltr'><strong>vix</strong></span> <span class='ocrx_word' id='word_1_92' title='bbox 178 2038 244 2128; x_wconf 83' lang='lat' dir='ltr'><strong>legi</strong></span> <span class='ocrx_word' id='word_1_93' title='bbox 259 2049 395 2130; x_wconf 89' lang='lat' dir='ltr'><strong>queant.</strong></span> <span class='ocrx_word' id='word_1_94' title='bbox 411 2037 438 2106; x_wconf 87' lang='lat' dir='ltr'>E</span> <span class='ocrx_word' id='word_1_95' title='bbox 452 2036 595 2129; x_wconf 88' lang='lat' dir='ltr'><strong>quibus,</strong></span> <span class='ocrx_word' id='word_1_96' title='bbox 612 2040 642 2107; x_wconf 89' lang='lat' dir='ltr'><strong>si</strong></span> <span class='ocrx_word' id='word_1_97' title='bbox 660 2037 801 2128; x_wconf 87' lang='lat' dir='ltr'><strong>quando</strong></span> <span class='ocrx_word' id='word_1_98' title='bbox 820 2027 912 2107; x_wconf 92' lang='lat' dir='ltr'><strong>unus</strong></span> <span class='ocrx_word' id='word_1_99' title='bbox 933 2046 994 2106; x_wconf 87' lang='lat' dir='ltr'><strong>aut</strong></span> <span class='ocrx_word' id='word_1_100' title='bbox 1008 2038 1094 2107; x_wconf 87' lang='lat' dir='ltr'><strong>alter</strong></span> <span class='ocrx_word' id='word_1_101' title='bbox 1114 2036 1190 2108; x_wconf 90' lang='lat' dir='ltr'><strong>dies</strong></span> 
     </span>
     <span class='ocr_line' id='line_1_15' title="bbox 101 2159 1189 2246; baseline 0.006 -19"><span class='ocrx_word' id='word_1_102' title='bbox 101 2161 234 2231; x_wconf 87' lang='lat' dir='ltr'><strong>otiosus</strong></span> <span class='ocrx_word' id='word_1_103' title='bbox 254 2159 437 2241; x_wconf 85' lang='lat' dir='ltr'><strong>affulserit,</strong></span> <span class='ocrx_word' id='word_1_104' title='bbox 461 2183 554 2231; x_wconf 90' lang='lat' dir='ltr'><strong>nunc</strong></span> <span class='ocrx_word' id='word_1_105' title='bbox 573 2182 677 2230; x_wconf 93' lang='lat' dir='ltr'><strong>nuum</strong></span> <span class='ocrx_word' id='word_1_106' title='bbox 704 2183 794 2230; x_wconf 92' lang='lat' dir='ltr'><strong>nunc</strong></span> <span class='ocrx_word' id='word_1_107' title='bbox 814 2160 913 2231; x_wconf 84' lang='lat' dir='ltr'><strong>aliud.</strong></span> <span class='ocrx_word' id='word_1_108' title='bbox 928 2161 1053 2232; x_wconf 86' lang='lat' dir='ltr'><strong>elicere</strong></span> <span class='ocrx_word' id='word_1_109' title='bbox 1074 2162 1189 2246; x_wconf 85' lang='lat' dir='ltr'><strong>selec,</strong></span> 
     </span>
     <span class='ocr_line' id='line_1_16' title="bbox 103 2282 1186 2376; baseline 0.001 -23"><span class='ocrx_word' id='word_1_110' title='bbox 103 2284 334 2376; x_wconf 88' lang='lat' dir='ltr'><strong>proquodam</strong></span> <span class='ocrx_word' id='word_1_111' title='bbox 361 2284 464 2374; x_wconf 90' lang='lat' dir='ltr'><strong>quasi</strong></span> <span class='ocrx_word' id='word_1_112' title='bbox 489 2282 696 2354; x_wconf 90' lang='lat' dir='ltr'><strong>diverticulo</strong></span> <span class='ocrx_word' id='word_1_113' title='bbox 723 2282 899 2364; x_wconf 79' lang='lat' dir='ltr'><strong>laborum3</strong></span> <span class='ocrx_word' id='word_1_114' title='bbox 934 2282 996 2353; x_wconf 89' lang='lat' dir='ltr'><strong>sed</strong></span> <span class='ocrx_word' id='word_1_115' title='bbox 1022 2304 1186 2376; x_wconf 84' lang='lat' dir='ltr'><strong>perraro,</strong></span> 
     </span>
    </p>
   </div>
   <div class='ocr_carea' id='block_1_4' title="bbox 100 2402 1191 2858">
    <p class='ocr_par' dir='ltr' id='par_1_4' title="bbox 100 2402 1191 2858">
     <span class='ocr_line' id='line_1_17' title="bbox 102 2402 1190 2501; baseline 0.008 -32"><span class='ocrx_word' id='word_1_116' title='bbox 102 2402 250 2495; x_wconf 91' lang='lat' dir='ltr'><strong>ideoque</strong></span> <span class='ocrx_word' id='word_1_117' title='bbox 275 2404 439 2474; x_wconf 88' lang='lat' dir='ltr'><strong>mandavi</strong></span> <span class='ocrx_word' id='word_1_118' title='bbox 460 2405 556 2494; x_wconf 92' lang='lat' dir='ltr'><strong>quod</strong></span> <span class='ocrx_word' id='word_1_119' title='bbox 582 2405 765 2495; x_wconf 87' lang='lat' dir='ltr'><strong>utriusque</strong></span> <span class='ocrx_word' id='word_1_120' title='bbox 793 2406 826 2474; x_wconf 91' lang='lat' dir='ltr'><strong>in</strong></span> <span class='ocrx_word' id='word_1_121' title='bbox 859 2405 928 2476; x_wconf 90' lang='lat' dir='ltr'><strong>fine</strong></span> <span class='ocrx_word' id='word_1_122' title='bbox 955 2405 1045 2477; x_wconf 86' lang='lat' dir='ltr'><strong>bona</strong></span> <span class='ocrx_word' id='word_1_123' title='bbox 1078 2408 1190 2501; x_wconf 82' lang='lat' dir='ltr'><strong>spatia</strong></span> 
     </span>
     <span class='ocr_line' id='line_1_18' title="bbox 101 2523 1191 2617; baseline 0.003 -22"><span class='ocrx_word' id='word_1_124' title='bbox 101 2529 352 2617; x_wconf 82' lang='lat' dir='ltr'><strong>linquerentur:</strong></span> <span class='ocrx_word' id='word_1_125' title='bbox 375 2537 411 2594; x_wconf 87' lang='lat' dir='ltr'><strong>et</strong></span> <span class='ocrx_word' id='word_1_126' title='bbox 433 2526 460 2593; x_wconf 90' lang='lat' dir='ltr'><strong>si</strong></span> <span class='ocrx_word' id='word_1_127' title='bbox 482 2523 675 2616; x_wconf 89' lang='lat' dir='ltr'><strong>quidquam</strong></span> <span class='ocrx_word' id='word_1_128' title='bbox 701 2541 873 2608; x_wconf 88' lang='lat' dir='ltr'><strong>occurret,</strong></span> <span class='ocrx_word' id='word_1_129' title='bbox 890 2527 1029 2596; x_wconf 88' lang='lat' dir='ltr'><strong>mittam</strong></span> <span class='ocrx_word' id='word_1_130' title='bbox 1055 2528 1113 2598; x_wconf 91' lang='lat' dir='ltr'><strong>tibi</strong></span> <span class='ocrx_word' id='word_1_131' title='bbox 1136 2550 1191 2598; x_wconf 90' lang='lat' dir='ltr'><strong>re-</strong></span> 
     </span>
     <span class='ocr_line' id='line_1_19' title="bbox 100 2644 1189 2741; baseline 0.004 -25"><span class='ocrx_word' id='word_1_132' title='bbox 100 2649 236 2716; x_wconf 91' lang='lat' dir='ltr'><strong>clusum</strong></span> <span class='ocrx_word' id='word_1_133' title='bbox 258 2646 483 2716; x_wconf 89' lang='lat' dir='ltr'><strong>nihilominus</strong></span> <span class='ocrx_word' id='word_1_134' title='bbox 508 2648 542 2716; x_wconf 91' lang='lat' dir='ltr'><strong>in</strong></span> <span class='ocrx_word' id='word_1_135' title='bbox 570 2668 750 2741; x_wconf 79' lang='lat' dir='ltr'><strong>papyro...</strong></span> <span class='ocrx_word' id='word_1_136' title='bbox 779 2644 963 2736; x_wconf 81' lang='lat' dir='ltr'><strong>Magnifice</strong></span> <span class='ocrx_word' id='word_1_137' title='bbox 994 2658 1030 2717; x_wconf 89' lang='lat' dir='ltr'><strong>et</strong></span> <span class='ocrx_word' id='word_1_138' title='bbox 1063 2648 1189 2741; x_wconf 75' lang='lat' dir='ltr'><strong>predi·</strong></span> 
     </span>
     <span class='ocr_line' id='line_1_20' title="bbox 103 2767 1119 2858; baseline 0 -21"><span class='ocrx_word' id='word_1_139' title='bbox 103 2771 190 2839; x_wconf 85' lang='lat' dir='ltr'><strong>lecto</strong></span> <span class='ocrx_word' id='word_1_140' title='bbox 206 2767 346 2838; x_wconf 75' lang='lat' dir='ltr'><strong>donnino</strong></span> <span class='ocrx_word' id='word_1_141' title='bbox 369 2790 446 2838; x_wconf 92' lang='lat' dir='ltr'><strong>meo</strong></span> <span class='ocrx_word' id='word_1_142' title='bbox 463 2768 605 2840; x_wconf 93' lang='lat' dir='ltr'><strong>domino</strong></span> <span class='ocrx_word' id='word_1_143' title='bbox 622 2768 828 2858; x_wconf 88' lang='lat' dir='ltr'><strong>Pandolpho</strong></span> <span class='ocrx_word' id='word_1_144' title='bbox 849 2767 893 2838; x_wconf 89' lang='lat' dir='ltr'><strong>de</strong></span> <span class='ocrx_word' id='word_1_145' title='bbox 915 2768 1119 2839; x_wconf 79' lang='lat' dir='ltr'><strong>Malatestis</strong></span> 
     </span>
    </p>
   </div>
   <div class='ocr_carea' id='block_1_5' title="bbox 1079 3021 1140 3105">
    <p class='ocr_par' dir='ltr' id='par_1_5' title="bbox 1079 3021 1140 3105">
     <span class='ocr_line' id='line_1_21' title="bbox 1079 3021 1120 3047; baseline 0 -12"><span class='ocrx_word' id='word_1_146' title='bbox 1079 3021 1120 3047; x_wconf 60' lang='grc' dir='ltr'><strong>..Ι</strong></span> 
     </span>
     <span class='ocr_line' id='line_1_22' title="bbox 1085 3038 1140 3105; baseline 0.055 -20"><span class='ocrx_word' id='word_1_147' title='bbox 1085 3038 1140 3105; x_wconf 61' lang='lat' dir='ltr'><strong>„u</strong></span> 
     </span>
    </p>
   </div>
   <div class='ocr_carea' id='block_1_6' title="bbox 530 3220 761 3282">
    <p class='ocr_par' dir='ltr' id='par_1_6' title="bbox 530 3220 761 3282">
     <span class='ocr_line' id='line_1_23' title="bbox 530 3220 761 3282; baseline -0.009 0"><span class='ocrx_word' id='word_1_148' title='bbox 530 3220 707 3282; x_wconf 76' lang='lat' dir='ltr'>EPISTULA</span> <span class='ocrx_word' id='word_1_149' title='bbox 730 3221 761 3281; x_wconf 91' lang='lat' dir='ltr'><strong>X.</strong></span> 
     </span>
    </p>
   </div>
   <div class='ocr_carea' id='block_1_7' title="bbox 260 3385 1039 3436">
    <p class='ocr_par' dir='ltr' id='par_1_7' title="bbox 260 3385 1039 3436">
     <span class='ocr_line' id='line_1_24' title="bbox 260 3385 1039 3436; baseline 0 -3"><span class='ocrx_word' id='word_1_150' title='bbox 260 3385 453 3434; x_wconf 70' lang='lat' dir='ltr'><strong>ananctscus</strong></span> <span class='ocrx_word' id='word_1_151' title='bbox 476 3387 644 3436; x_wconf 74' lang='lat' dir='ltr'><strong>PETRARCA</strong></span> <span class='ocrx_word' id='word_1_152' title='bbox 668 3388 884 3436; x_wconf 77' lang='lat' dir='ltr'><strong>anntnrsnoto</strong></span> <span class='ocrx_word' id='word_1_153' title='bbox 906 3389 932 3436; x_wconf 86' lang='lat' dir='ltr'><strong>S.</strong></span> <span class='ocrx_word' id='word_1_154' title='bbox 957 3389 985 3436; x_wconf 90' lang='lat' dir='ltr'><strong>P.</strong></span> <span class='ocrx_word' id='word_1_155' title='bbox 1010 3390 1039 3434; x_wconf 85' lang='lat' dir='ltr'><strong>fl.</strong></span> 
     </span>
    </p>
   </div>
   <div class='ocr_carea' id='block_1_8' title="bbox 191 3542 1114 3701">
    <p class='ocr_par' dir='ltr' id='par_1_8' title="bbox 191 3542 1114 3701">
     <span class='ocr_line' id='line_1_25' title="bbox 191 3542 1114 3617; baseline 0 -20"><span class='ocrx_word' id='word_1_156' title='bbox 191 3544 272 3597; x_wconf 82' lang='lat' dir='ltr'><strong>Mittit</strong></span> <span class='ocrx_word' id='word_1_157' title='bbox 286 3543 456 3613; x_wconf 86' lang='lat' dir='ltr'><strong>epitaphium</strong></span> <span class='ocrx_word' id='word_1_158' title='bbox 471 3545 590 3599; x_wconf 72' lang='lat' dir='ltr'><strong>Andreae</strong></span> <span class='ocrx_word' id='word_1_159' title='bbox 605 3546 731 3615; x_wconf 82' lang='lat' dir='ltr'><strong>Dandoli¹</strong></span> <span class='ocrx_word' id='word_1_160' title='bbox 747 3547 874 3617; x_wconf 88' lang='lat' dir='ltr'><strong>sepulcro</strong></span> <span class='ocrx_word' id='word_1_161' title='bbox 888 3542 1114 3605; x_wconf 74' lang='lat' dir='ltr'><strong>inscribendum,</strong></span> 
     </span>
     <span class='ocr_line' id='line_1_26' title="bbox 321 3627 985 3701; baseline -0.005 -15"><span class='ocrx_word' id='word_1_162' title='bbox 321 3648 407 3701; x_wconf 85' lang='lat' dir='ltr'><strong>seque</strong></span> <span class='ocrx_word' id='word_1_163' title='bbox 422 3633 526 3688; x_wconf 88' lang='lat' dir='ltr'><strong>iamdiu</strong></span> <span class='ocrx_word' id='word_1_164' title='bbox 540 3651 556 3688; x_wconf 86' lang='lat' dir='ltr'><strong>a</strong></span> <span class='ocrx_word' id='word_1_165' title='bbox 571 3627 741 3689; x_wconf 83' lang='lat' dir='ltr'><strong>carminibus</strong></span> <span class='ocrx_word' id='word_1_166' title='bbox 756 3634 896 3689; x_wconf 83' lang='lat' dir='ltr'><strong>abstinere</strong></span> <span class='ocrx_word' id='word_1_167' title='bbox 910 3632 985 3686; x_wconf 90' lang='lat' dir='ltr'><strong>dicit.</strong></span> 
     </span>
    </p>
   </div>
   <div class='ocr_carea' id='block_1_9' title="bbox 105 3868 1188 4208">
    <p class='ocr_par' dir='ltr' id='par_1_9' title="bbox 105 3868 1188 4208">
     <span class='ocr_line' id='line_1_27' title="bbox 202 3868 1187 3962; baseline -0.002 -22"><span class='ocrx_word' id='word_1_168' title='bbox 202 3868 352 3940; x_wconf 88' lang='lat' dir='ltr'><strong>Colende</strong></span> <span class='ocrx_word' id='word_1_169' title='bbox 374 3891 512 3962; x_wconf 92' lang='lat' dir='ltr'><strong>semper</strong></span> <span class='ocrx_word' id='word_1_170' title='bbox 533 3880 638 3961; x_wconf 86' lang='lat' dir='ltr'><strong>atque</strong></span> <span class='ocrx_word' id='word_1_171' title='bbox 660 3870 873 3941; x_wconf 91' lang='lat' dir='ltr'><strong>honorabilis</strong></span> <span class='ocrx_word' id='word_1_172' title='bbox 898 3871 1019 3940; x_wconf 86' lang='lat' dir='ltr'><strong>anrice.</strong></span> <span class='ocrx_word' id='word_1_173' title='bbox 1047 3870 1187 3941; x_wconf 90' lang='lat' dir='ltr'><strong>Litteris</strong></span> 
     </span>
     <span class='ocr_line' id='line_1_28' title="bbox 105 3991 1177 4085; baseline 0.002 -26"><span class='ocrx_word' id='word_1_174' title='bbox 105 3994 233 4062; x_wconf 86' lang='lat' dir='ltr'><strong>vestris</strong></span> <span class='ocrx_word' id='word_1_175' title='bbox 255 3993 403 4084; x_wconf 91' lang='lat' dir='ltr'><strong>primum</strong></span> <span class='ocrx_word' id='word_1_176' title='bbox 425 3994 592 4084; x_wconf 73' lang='lat' dir='ltr'><strong>acceptia,</strong></span> <span class='ocrx_word' id='word_1_177' title='bbox 617 4013 723 4085; x_wconf 90' lang='lat' dir='ltr'><strong>snper</strong></span> <span class='ocrx_word' id='word_1_178' title='bbox 754 3991 1007 4083; x_wconf 82' lang='lat' dir='ltr'><strong>epigrammate</strong></span> <span class='ocrx_word' id='word_1_179' title='bbox 1032 3994 1177 4064; x_wconf 87' lang='lat' dir='ltr'><strong>claraec</strong></span> 
     </span>
     <span class='ocr_line' id='line_1_29' title="bbox 105 4113 1188 4208; baseline 0.002 -27"><span class='ocrx_word' id='word_1_180' title='bbox 105 4113 268 4194; x_wconf 71' lang='lat' dir='ltr'><strong>gloriosae</strong></span> <span class='ocrx_word' id='word_1_181' title='bbox 291 4117 468 4185; x_wconf 67' lang='lat' dir='ltr'><strong>memoriae</strong></span> <span class='ocrx_word' id='word_1_182' title='bbox 488 4113 621 4185; x_wconf 90' lang='lat' dir='ltr'><strong>domini</strong></span> <span class='ocrx_word' id='word_1_183' title='bbox 646 4114 747 4184; x_wconf 89' lang='lat' dir='ltr'><strong>ducis</strong></span> <span class='ocrx_word' id='word_1_184' title='bbox 779 4116 887 4184; x_wconf 91' lang='lat' dir='ltr'><strong>nostri</strong></span> <span class='ocrx_word' id='word_1_185' title='bbox 914 4120 977 4208; x_wconf 88' lang='lat' dir='ltr'><strong>(ut</strong></span> <span class='ocrx_word' id='word_1_186' title='bbox 1014 4116 1097 4206; x_wconf 92' lang='lat' dir='ltr'><strong>quid</strong></span> <span class='ocrx_word' id='word_1_187' title='bbox 1131 4136 1188 4184; x_wconf 86' lang='lat' dir='ltr'><strong>se-</strong></span> 
     </span>
    </p>
   </div>
   <div class='ocr_carea' id='block_1_10' title="bbox 0 0 1341 4688">
    <p class='ocr_par' dir='ltr' id='par_1_10' title="bbox 0 0 1341 4688">
     <span class='ocr_line' id='line_1_30' title="bbox 0 0 1341 4688; baseline 0 0"><span class='ocrx_word' id='word_1_188' title='bbox 0 0 1341 4688; x_wconf 95' lang='lat' dir='ltr'><strong> </strong></span> 
     </span>
    </p>
   </div>
  </div>
 </body>
</html>
