2834 5086
581 316 735 366 urrsronr
758 317 818 365 nrt.
1181 310 1236 369 461

165 483 246 531 num
268 461 370 530 telam
397 460 466 529 fata
490 448 728 549 praeciderint,'
739 455 924 528 Mediolani
941 457 1163 553 Liguriaeque
1187 461 1241 532 di-

163 602 227 650 ves
239 589 401 673 expectat
417 577 626 663 haereditus,
644 589 680 650 et
691 601 774 670 quo,
794 576 861 648 nisi
884 576 1046 649 iudicium
1068 602 1165 653 amer
1178 582 1241 651 lal-

164 703 211 786 lit,
232 702 321 774 inter
340 703 486 772 iuvenes
518 703 709 773 fortunatos
737 700 855 771 nullus
881 709 936 770 est
963 701 1097 787 melior,
1124 704 1239 778 nullus

164 822 363 908 humanior,
385 815 465 892 ante
484 823 569 894 alios
591 843 645 894 me
660 823 796 895 nomine
809 821 1058 917 inclamansmt
1078 843 1239 894 caverem

164 943 382 1017 admonebat.
397 945 472 1034 Ego
487 942 645 1034 ignaruS,
659 957 695 1016 et
707 946 786 1037 plus
800 944 909 1016 fateor
921 945 1071 1015 clamore
1084 944 1239 1015 omnium

166 1087 270 1158 quam
292 1054 446 1156 periculo
466 1086 544 1137 meo
564 1076 697 1147 motus,
720 1085 788 1134 non
803 1063 907 1157 prius
921 1063 1076 1135 intellexi
1089 1065 1173 1156 quid
1192 1063 1242 1137 rei

165 1196 270 1268 esset,
289 1207 393 1277 quam
415 1189 511 1258 solas
532 1188 616 1279 equi
632 1185 806 1258 auriculas
827 1195 1002 1271 extantes,
1019 1208 1143 1279 meque
1156 1186 1243 1258 den-

167 1308 216 1378 sis
236 1307 402 1402 vepribus
419 1329 629 1402 oppressum
655 1308 739 1380 vidi.
768 1309 899 1380 Profuit
924 1307 1136 1380 adsalutem
1162 1329 1243 1401 pro-

165 1429 277 1521 prium
292 1449 360 1499 non
375 1450 482 1501 nosse
494 1429 693 1509 discrimen.
703 1428 877 1514 Quosdam
894 1429 982 1500 iuvit
994 1428 1196 1520 ignorantia,
1207 1439 1244 1501 et

166 1550 249 1620 dum
266 1552 314 1621 nil
334 1561 493 1623 metuunt
524 1552 571 1622 nil
606 1552 734 1623 nocuit:
765 1551 816 1622 sie
841 1561 960 1623 eontra
981 1553 1109 1622 multos
1125 1571 1242 1643 aegros

167 1674 279 1744 morbi
298 1673 378 1744 fecit
396 1674 529 1767 opinio,
551 1672 796 1766 utaliquando
820 1682 942 1745 essent
958 1674 1052 1766 quod
1077 1673 1137 1745 diu
1162 1693 1244 1744 esee

166 1795 399 1867 crediderant:
418 1817 533 1888 neque
553 1795 644 1866 enim
664 1795 708 1867 de
733 1795 840 1865 nihilo
865 1794 1086 1880 dictumest,
1120 1794 1244 1888 imagi-

168 1916 262 1987 natio
276 1916 356 1986 lacit
372 1938 503 1988 casum.
523 1916 583 1986 Cui
598 1916 672 2011 pari
688 1917 820 1988 ratione
838 1915 923 1988 illud
943 1915 1144 2001 obiecerim,
1160 1917 1246 1988 ima-

168 2039 298 2130 ginatio
317 2059 437 2109 casum
465 2038 562 2110 tollit.
582 2036 632 2109 lta
652 2059 730 2109 curn
754 2041 861 2111 multa
882 2038 971 2110 scire
993 2038 1038 2110 sit
1057 2039 1243 2132 optimum,

167 2159 328 2252 quaedam
349 2160 474 2233 melius
494 2160 708 2235 nesciuntur.
728 2161 830 2232 Certe
854 2181 932 2233 cum
954 2161 1142 2234 discrimen
1169 2161 1245 2255 ipse

168 2302 284 2352 meum
314 2281 442 2366 nescio,
475 2281 630 2374 dumque
659 2283 706 2351 nil
738 2282 818 2353 mali
840 2283 1012 2376 suspicor,
1038 2284 1084 2352 nil
1115 2283 1245 2354 incom-

169 2401 262 2472 modi
288 2421 415 2492 passus
436 2422 528 2471 sum:
548 2422 661 2493 neque
688 2402 780 2470 enim
796 2402 984 2494 periculum
999 2402 1064 2472 nisi
1087 2412 1166 2495 post
1184 2423 1246 2494 pe-

169 2521 316 2592 riculum
348 2506 496 2611 agnovi,
533 2521 728 2612 magisque,
767 2542 846 2592 cum
877 2520 944 2593 iam
979 2522 1170 2593 timendum
1195 2520 1247 2590 ni-

170 2641 218 2712 hil
234 2651 339 2726 esset,
358 2640 466 2721 timui,
486 2650 522 2713 et
542 2664 644 2728 nune,
665 2642 765 2713 utait
777 2641 884 2724 Maro,
897 2641 1064 2714 horresco
1078 2643 1245 2714 reterens.

170 2765 267 2836 lunc
296 2775 334 2835 ut
364 2784 462 2835 eram
498 2763 534 2833 in
567 2764 674 2858 pedes
713 2763 832 2836 subito
864 2763 1003 2849 desilui,
1026 2786 1247 2858 supremum·
1310 2821 1316 2827 .

172 2910 242 2981 que
274 2887 360 2982 ripae
396 2887 590 2979 marginem
623 2889 772 2971 illaesus,
812 2889 998 2982 plusquam
1032 2908 1120 2960 meo
1140 2889 1244 2971 saltu,

173 3009 277 3080 tenui.
313 3007 477 3081 invisibili
520 3008 692 3082 subnixus
727 3010 871 3084 auxilio.
904 3009 1117 3106 §ubstiterat
1149 3010 1248 3103 equi·

172 3131 252 3204 dem
271 3131 473 3204 adolescens
490 3133 547 3205 ille
568 3133 785 3217 mitissimus
816 3134 996 3225 iussisque
1022 3112 1160 3203 famulis
1185 3130 1247 3203 de·

173 3251 356 3334 mendene,
378 3254 453 3344 ipse
472 3275 543 3325 non
563 3252 667 3325 modo
688 3254 786 3325 vocis
811 3251 1019 3345 obsequium
1046 3253 1132 3329 milri
1154 3257 1248 3346 plee-

173 3374 311 3458 buerat,
330 3375 393 3446 sed
405 3374 580 3447 dexterae:
600 3375 683 3447 dum
707 3375 844 3481 interim
864 3394 977 3467 equus
994 3390 1249 3477 meus-,queque

173 3499 253 3569 nisu
279 3496 345 3568 sibi
376 3499 564 3569 consulens
596 3499 788 3591 primisque
818 3496 924 3592 (dictu
945 3495 1085 3590 mirum)
1108 3494 1248 3588 m

173 3620 388 3713 dependens,
409 3619 547 3692 attritus
564 3640 678 3711 genua
695 3620 758 3691 vix
775 3619 915 3691 taudem
938 3616 1250 3715 emergebatwi

174 3742 205 3812 si
219 3752 256 3812 ut
269 3752 391 3814 natura
407 3741 454 3812 rei
470 3740 644 3834 poscebat,
660 3722 805 3833 repente
816 3752 1002 3833 postquam
1016 3739 1082 3811 labi
1097 3749 1250 3832 coeperat

174 3862 210 3932 in
229 3871 362 3954 tergum
385 3862 579 3946 cecidisset,
602 3873 716 3935 actum
750 3872 835 3947 erat,
869 3869 906 3935 et
936 3862 1119 3934 absolutus
1151 3884 1246 3934 eram

174 3982 452 4058 onrnibuscuris.
468 3983 588 4057 Adfuit
612 3983 790 4056 hominum
803 4004 1009 4068 succursus,
1041 3983 1152 4057 adluit
1165 3984 1248 4078 equi

173 4104 288 4194 vigor,
309 4104 404 4179 dicet
423 4108 560 4199 aliquis.
582 4107 760 4199 Ingratum
778 4106 1006 4192 mendacium,
1026 4106 1178 4180 mendax
1196 4107 1247 4179 iu·
