2670 4688
199 243 257 306 108
535 255 577 304 nn
597 253 699 303 nunus
720 250 942 301 rrumlnmus

199 414 297 487 spem
317 392 401 461 vitae
419 389 572 462 melioris
590 387 720 460 erexit:
741 387 893 480 denique
913 388 975 479 qui
995 399 1100 464 aetate
1121 407 1283 475 extrema

198 513 359 587 omnibus
391 513 468 583 aliis
496 511 614 582 multis
645 509 790 603 quidem
825 518 860 579 et
889 511 1087 602 insignibus
1122 520 1209 592 viris
1236 526 1286 597 ad

197 638 433 732 episcopatum
466 634 569 704 huius
601 633 670 704 iam
700 645 783 703 tunc
812 653 950 723 magnae
984 634 1082 707 urbis
1117 640 1285 720 obeuntis

197 758 372 829 Ambrosii
392 756 532 840 iudicio
557 757 606 827 sic
622 758 803 850 praelatus,
825 755 887 848 qui
905 765 944 825 nt
961 759 1047 827 tanti
1068 762 1286 855 suffragato-

198 881 246 952 ris
261 880 466 951 sententiam
484 880 693 962 honestaret,
713 888 934 969 assumptum
951 899 1079 950 munus
1094 890 1283 974 pastoralis

197 1022 291 1073 curre
311 1022 449 1072 summa
470 1000 562 1071 rexit
582 1000 779 1090 integritate
803 1007 909 1090 atquc
933 999 1064 1072 eximia
1085 1009 1283 1083 sanctitate.

196 1127 280 1195 Haec
311 1122 395 1192 mihi
428 1123 598 1218 hactenus
631 1120 675 1192 de
708 1120 774 1191 hoc
805 1141 899 1191 novo
932 1142 1010 1192 meo
1040 1121 1178 1218 hospite
1200 1143 1286 1208 nota

197 1254 295 1315 sunt:
314 1254 445 1315 coetera
466 1245 563 1313 novit
584 1241 760 1312 aethereus
780 1240 910 1333 hospes
931 1263 1031 1313 suus.
1054 1246 1099 1316 Et
1119 1247 1197 1322 haec
1219 1256 1285 1327 tibi

197 1366 317 1438 dolore
334 1364 489 1458 corporis
510 1386 591 1435 cum
617 1365 732 1435 animo
756 1362 959 1435 decertante
984 1365 1196 1461 intempesto
1219 1398 1284 1447 no-

197 1489 263 1559 ctis
285 1487 423 1558 silentio
456 1488 573 1557 iacens
606 1485 731 1578 scripsi
764 1483 965 1557 difficillimo
987 1488 1160 1563 accubitu.
1188 1496 1284 1578 Quid

200 1607 255 1678 vis
275 1607 412 1678 dicam?
432 1607 554 1679 Omnia
574 1628 653 1679 cum
675 1606 807 1679 labore:
829 1609 887 1679 vel
908 1610 1059 1702 requies.
1081 1614 1180 1687 Vale.

616 2059 795 2125 EPISTULA
816 2060 874 2124 XV.

273 2226 466 2278 ruluclscus
486 2227 656 2278 Perulucn
675 2228 810 2278 mutum
830 2229 873 2278 bu
893 2229 1059 2281 CERTALDO
1079 2231 1106 2282 S.
1125 2231 1154 2280 P.
1175 2232 1205 2280 D.

273 2383 416 2440 Obiectam
428 2383 481 2440 sibi
493 2383 661 2440 calumniam
675 2383 764 2526 reiiqit
778 2399 809 2437 se
823 2383 918 2454 glorie
941 2384 1036 2442 Duufls
1049 2384 1206 2458 Allisshierii

675 2488 731 2526 mn
751 2488 807 2527 ere.

302 2714 496 2788 Multasnnt
509 2711 752 2784 inlitteristuis
762 2710 1035 2806 haudquaquam
1046 2711 1286 2805 responsionis

205 2835 358 2924 egentia,
394 2843 434 2904 ut
448 2853 530 2924 quae
549 2833 689 2922 singula
704 2853 814 2927 nuper
831 2833 915 2905 viva
931 2854 1018 2908 voce
1036 2827 1284 2917 transegimus.

205 2957 281 3024 ¹Duo
313 2976 360 3023 ex
392 2951 554 3024 omnibus
587 2975 656 3024 non
688 2956 931 3048 praetereundo
956 2946 1105 3044 seposni.
1132 2945 1187 3020 Ad
1208 2949 1286 3021 haec

205 3072 359 3144 breviter
389 3093 469 3164 quae
496 3095 535 3147 se
565 3073 767 3162 obtulerint,
804 3077 929 3151 dicam.
961 3069 1113 3145 Primum
1138 3091 1224 3162 ergo
1250 3080 1285 3144 te

206 3195 290 3267 mihi
309 3215 474 3281 excusas,
502 3196 607 3292 idque
633 3221 704 3271 non
729 3200 857 3286 otiose,
883 3194 978 3292 quod
1003 3192 1038 3261 in
1063 3195 1284 3264 00utcrranei

207 3316 321 3388 nostri
344 3318 522 3408 popularis
541 3320 682 3412 quidem
704 3319 799 3413 quod
819 3317 865 3391 ad
885 3315 1001 3390 stilum
1023 3313 1160 3396 attinet,
1189 3313 1287 3403 quod

207 3436 252 3506 ad
287 3457 359 3506 rem
394 3436 489 3508 baud
521 3439 625 3511 dubie
658 3440 800 3526 nobilis,
827 3447 940 3535 poeta
966 3435 1128 3509 laudibus
1154 3435 1286 3505 multus

207 3558 320 3629 luisse
341 3556 493 3628 videare.
514 3557 628 3650 Atque
654 3562 701 3631 ita
728 3574 761 3633 te
786 3579 932 3656 purgas,
954 3560 1058 3652 quasi
1077 3578 1144 3645 ego
1165 3558 1223 3624 vel
1248 3555 1288 3623 il-

209 3680 276 3749 lius
300 3681 355 3751 vel
376 3680 581 3769 cuiusquam
615 3682 736 3753 laudes
771 3703 860 3754 meae
891 3681 1008 3753 laudis
1039 3676 1288 3751 detrimontum

208 3812 340 3897 putem.
357 3801 656 3896 ltaquequidquid
673 3805 716 3876 de
734 3807 790 3878 illo
808 3803 995 3902 praedicas,
1016 3815 1125 3875 totum
1145 3799 1174 3867 si
1191 3821 1290 3893 pres-

211 3926 284 3995 sius
306 3927 495 4021 inspiciam,
517 3925 553 3995 ln
574 3945 687 3995 meam
708 3931 855 4018 gloriam
874 3927 965 4000 verti
983 3926 1048 3998 ais.
1068 3919 1196 3991 luseris
1223 3940 1286 3989 no-

212 4050 367 4122 minatim
390 4050 480 4121 bano
500 4049 606 4123 huius
626 4045 728 4118 officii
750 4052 800 4123 tui
820 4049 1103 4129 excusationem,
1123 4042 1217 4135 quod
1235 4041 1292 4112 ille
