<?xml version="1.0" encoding="UTF-8"?>
<!DOCTYPE html PUBLIC "-//W3C//DTD XHTML 1.0 Transitional//EN"
    "http://www.w3.org/TR/xhtml1/DTD/xhtml1-transitional.dtd">
<html xmlns="http://www.w3.org/1999/xhtml" xml:lang="en" lang="en">
 <head>
  <title>
</title>
<meta http-equiv="Content-Type" content="text/html;charset=utf-8" />
  <meta name='ocr-system' content='tesseract 3.04.00' />
  <meta name='ocr-capabilities' content='ocr_page ocr_carea ocr_par ocr_line ocrx_word'/>
</head>
<body>
  <div class='ocr_page' id='page_1' title='image "./epistolaederebu01fracgoog_0377.png"; bbox 0 0 2670 4688; ppageno 0'>
   <div class='ocr_carea' id='block_1_1' title="bbox 194 464 1076 666">
    <p class='ocr_par' dir='ltr' id='par_1_1' title="bbox 194 464 1076 666">
     <span class='ocr_line' id='line_1_1' title="bbox 487 464 801 529; baseline -0.003 0"><span class='ocrx_word' id='word_1_1' title='bbox 487 464 664 529; x_wconf 74' lang='lat' dir='ltr'>EPISTULA</span> <span class='ocrx_word' id='word_1_2' title='bbox 685 464 801 528; x_wconf 88' lang='lat' dir='ltr'>lllllllll.</span> 
     </span>
     <span class='ocr_line' id='line_1_2' title="bbox 194 611 1076 666; baseline -0.002 -1"><span class='ocrx_word' id='word_1_3' title='bbox 194 613 387 666; x_wconf 80' lang='lat' dir='ltr'>ennucrscus</span> <span class='ocrx_word' id='word_1_4' title='bbox 409 612 576 662; x_wconf 74' lang='lat' dir='ltr'>nunninus</span> <span class='ocrx_word' id='word_1_5' title='bbox 599 613 693 662; x_wconf 72' lang='lat' dir='ltr'>azotu</span> <span class='ocrx_word' id='word_1_6' title='bbox 714 613 756 662; x_wconf 87' lang='lat' dir='ltr'>nn</span> <span class='ocrx_word' id='word_1_7' title='bbox 779 611 974 662; x_wconf 85' lang='lat' dir='ltr'>connre10s.</span> <span class='ocrx_word' id='word_1_8' title='bbox 997 614 1024 662; x_wconf 87' lang='lat' dir='ltr'>n.</span> <span class='ocrx_word' id='word_1_9' title='bbox 1047 615 1076 663; x_wconf 91' lang='lat' dir='ltr'>n.</span> 
     </span>
    </p>
   </div>
   <div class='ocr_carea' id='block_1_2' title="bbox 101 751 1174 896">
    <p class='ocr_par' dir='ltr' id='par_1_2' title="bbox 101 751 1174 896">
     <span class='ocr_line' id='line_1_3' title="bbox 101 751 1174 826; baseline -0.001 -15"><span class='ocrx_word' id='word_1_10' title='bbox 101 756 260 810; x_wconf 88' lang='lat' dir='ltr'>Gratulatur</span> <span class='ocrx_word' id='word_1_11' title='bbox 273 753 347 826; x_wconf 92' lang='lat' dir='ltr'>quod</span> <span class='ocrx_word' id='word_1_12' title='bbox 356 753 390 819; x_wconf 73' lang='lat' dir='ltr'>,in</span> <span class='ocrx_word' id='word_1_13' title='bbox 404 753 520 824; x_wconf 77' lang='lat' dir='ltr'><strong>gratiam</strong></span> <span class='ocrx_word' id='word_1_14' title='bbox 529 752 728 808; x_wconf 77' lang='lat' dir='ltr'>vicecomitum</span> <span class='ocrx_word' id='word_1_15' title='bbox 742 752 919 807; x_wconf 89' lang='lat' dir='ltr'>dominorum</span> <span class='ocrx_word' id='word_1_16' title='bbox 928 751 1174 812; x_wconf 86' lang='lat' dir='ltr'>Mediolanensium</span> 
     </span>
     <span class='ocr_line' id='line_1_4' title="bbox 576 841 699 896; baseline 0.008 -2"><span class='ocrx_word' id='word_1_17' title='bbox 576 841 699 896; x_wconf 85' lang='lat' dir='ltr'>redierit.</span> 
     </span>
    </p>
   </div>
   <div class='ocr_carea' id='block_1_3' title="bbox 95 1024 1268 4190">
    <p class='ocr_par' dir='ltr' id='par_1_3' title="bbox 95 1024 1268 4190">
     <span class='ocr_line' id='line_1_5' title="bbox 197 1024 1174 1107; baseline 0.003 -14"><span class='ocrx_word' id='word_1_18' title='bbox 197 1024 340 1096; x_wconf 88' lang='lat' dir='ltr'>Domine</span> <span class='ocrx_word' id='word_1_19' title='bbox 376 1025 434 1096; x_wconf 89' lang='lat' dir='ltr'>mi.</span> <span class='ocrx_word' id='word_1_20' title='bbox 472 1024 612 1098; x_wconf 74' lang='lat' dir='ltr'>ttinere</span> <span class='ocrx_word' id='word_1_21' title='bbox 652 1037 797 1107; x_wconf 85' lang='lat' dir='ltr'>vestrae,</span> <span class='ocrx_word' id='word_1_22' title='bbox 837 1035 960 1095; x_wconf 89' lang='lat' dir='ltr'>cuncta</span> <span class='ocrx_word' id='word_1_23' title='bbox 1000 1024 1174 1096; x_wconf 87' lang='lat' dir='ltr'>videntem</span> 
     </span>
     <span class='ocr_line' id='line_1_6' title="bbox 101 1143 1174 1248; baseline 0 -32"><span class='ocrx_word' id='word_1_24' title='bbox 101 1151 210 1218; x_wconf 85' lang='lat' dir='ltr'>Deum</span> <span class='ocrx_word' id='word_1_25' title='bbox 238 1143 357 1230; x_wconf 84' lang='lat' dir='ltr'>testei,</span> <span class='ocrx_word' id='word_1_26' title='bbox 390 1168 529 1248; x_wconf 80' lang='lat' dir='ltr'>semper</span> <span class='ocrx_word' id='word_1_27' title='bbox 554 1147 635 1217; x_wconf 92' lang='lat' dir='ltr'>mihi</span> <span class='ocrx_word' id='word_1_28' title='bbox 660 1148 929 1218; x_wconf 85' lang='lat' dir='ltr'>consolationem</span> <span class='ocrx_word' id='word_1_29' title='bbox 950 1158 985 1218; x_wconf 88' lang='lat' dir='ltr'>et</span> <span class='ocrx_word' id='word_1_30' title='bbox 1008 1146 1174 1238; x_wconf 84' lang='lat' dir='ltr'>gaudium</span> 
     </span>
     <span class='ocr_line' id='line_1_7' title="bbox 101 1268 1173 1364; baseline 0.001 -25"><span class='ocrx_word' id='word_1_31' title='bbox 101 1272 310 1341; x_wconf 88' lang='lat' dir='ltr'>attulerunt:</span> <span class='ocrx_word' id='word_1_32' title='bbox 347 1268 410 1340; x_wconf 91' lang='lat' dir='ltr'>sed</span> <span class='ocrx_word' id='word_1_33' title='bbox 443 1270 547 1341; x_wconf 84' lang='lat' dir='ltr'>nullae</span> <span class='ocrx_word' id='word_1_34' title='bbox 582 1291 733 1363; x_wconf 89' lang='lat' dir='ltr'>unquam</span> <span class='ocrx_word' id='word_1_35' title='bbox 767 1271 879 1361; x_wconf 79' lang='lat' dir='ltr'>magis</span> <span class='ocrx_word' id='word_1_36' title='bbox 908 1291 1013 1361; x_wconf 91' lang='lat' dir='ltr'>quam</span> <span class='ocrx_word' id='word_1_37' title='bbox 1046 1268 1173 1364; x_wconf 90' lang='lat' dir='ltr'>quibus</span> 
     </span>
     <span class='ocr_line' id='line_1_8' title="bbox 101 1391 1175 1486; baseline -0.001 -24"><span class='ocrx_word' id='word_1_38' title='bbox 101 1392 252 1462; x_wconf 88' lang='lat' dir='ltr'>animum</span> <span class='ocrx_word' id='word_1_39' title='bbox 274 1413 390 1464; x_wconf 92' lang='lat' dir='ltr'>meum</span> <span class='ocrx_word' id='word_1_40' title='bbox 416 1391 460 1464; x_wconf 90' lang='lat' dir='ltr'>de</span> <span class='ocrx_word' id='word_1_41' title='bbox 487 1405 578 1465; x_wconf 87' lang='lat' dir='ltr'>statu</span> <span class='ocrx_word' id='word_1_42' title='bbox 604 1405 723 1464; x_wconf 90' lang='lat' dir='ltr'>vestro</span> <span class='ocrx_word' id='word_1_43' title='bbox 749 1393 893 1464; x_wconf 88' lang='lat' dir='ltr'>anxium</span> <span class='ocrx_word' id='word_1_44' title='bbox 927 1403 1031 1486; x_wconf 87' lang='lat' dir='ltr'>atque</span> <span class='ocrx_word' id='word_1_45' title='bbox 1061 1391 1175 1465; x_wconf 91' lang='lat' dir='ltr'>solici-</span> 
     </span>
     <span class='ocr_line' id='line_1_9' title="bbox 101 1514 1174 1609; baseline 0.003 -25"><span class='ocrx_word' id='word_1_46' title='bbox 101 1527 173 1585; x_wconf 91' lang='lat' dir='ltr'>tum</span> <span class='ocrx_word' id='word_1_47' title='bbox 190 1527 225 1585; x_wconf 89' lang='lat' dir='ltr'>et</span> <span class='ocrx_word' id='word_1_48' title='bbox 242 1514 489 1609; x_wconf 79' lang='lat' dir='ltr'>multiplicibus</span> <span class='ocrx_word' id='word_1_49' title='bbox 510 1515 670 1586; x_wconf 81' lang='lat' dir='ltr'>allectum</span> <span class='ocrx_word' id='word_1_50' title='bbox 692 1517 786 1586; x_wconf 91' lang='lat' dir='ltr'>curis</span> <span class='ocrx_word' id='word_1_51' title='bbox 813 1516 1012 1609; x_wconf 85' lang='lat' dir='ltr'>nuperrime</span> <span class='ocrx_word' id='word_1_52' title='bbox 1038 1536 1174 1587; x_wconf 85' lang='lat' dir='ltr'>recrea·</span> 
     </span>
     <span class='ocr_line' id='line_1_10' title="bbox 101 1636 1173 1733; baseline 0.003 -26"><span class='ocrx_word' id='word_1_53' title='bbox 101 1638 177 1709; x_wconf 90' lang='lat' dir='ltr'>stis.</span> <span class='ocrx_word' id='word_1_54' title='bbox 196 1640 252 1708; x_wconf 83' lang='lat' dir='ltr'>Ex</span> <span class='ocrx_word' id='word_1_55' title='bbox 268 1638 397 1732; x_wconf 89' lang='lat' dir='ltr'>quibus</span> <span class='ocrx_word' id='word_1_56' title='bbox 414 1638 527 1722; x_wconf 89' lang='lat' dir='ltr'>elicio,</span> <span class='ocrx_word' id='word_1_57' title='bbox 546 1636 641 1732; x_wconf 91' lang='lat' dir='ltr'>quod</span> <span class='ocrx_word' id='word_1_58' title='bbox 656 1659 794 1732; x_wconf 84' lang='lat' dir='ltr'>semper</span> <span class='ocrx_word' id='word_1_59' title='bbox 810 1638 928 1732; x_wconf 91' lang='lat' dir='ltr'>optavi</span> <span class='ocrx_word' id='word_1_60' title='bbox 944 1648 980 1708; x_wconf 88' lang='lat' dir='ltr'>et</span> <span class='ocrx_word' id='word_1_61' title='bbox 996 1658 1091 1733; x_wconf 86' lang='lat' dir='ltr'>saepe</span> <span class='ocrx_word' id='word_1_62' title='bbox 1110 1659 1173 1733; x_wconf 90' lang='lat' dir='ltr'>pro</span> 
     </span>
     <span class='ocr_line' id='line_1_11' title="bbox 102 1761 1171 1856; baseline 0.003 -26"><span class='ocrx_word' id='word_1_63' title='bbox 102 1762 236 1833; x_wconf 90' lang='lat' dir='ltr'>viribus</span> <span class='ocrx_word' id='word_1_64' title='bbox 262 1763 456 1856; x_wconf 77' lang='lat' dir='ltr'>procuravi,</span> <span class='ocrx_word' id='word_1_65' title='bbox 479 1773 517 1833; x_wconf 93' lang='lat' dir='ltr'>ut</span> <span class='ocrx_word' id='word_1_66' title='bbox 537 1761 666 1832; x_wconf 89' lang='lat' dir='ltr'>scilicet</span> <span class='ocrx_word' id='word_1_67' title='bbox 686 1761 721 1831; x_wconf 94' lang='lat' dir='ltr'>in</span> <span class='ocrx_word' id='word_1_68' title='bbox 747 1761 921 1854; x_wconf 81' lang='lat' dir='ltr'>magnifici</span> <span class='ocrx_word' id='word_1_69' title='bbox 948 1761 1078 1834; x_wconf 91' lang='lat' dir='ltr'>domini</span> <span class='ocrx_word' id='word_1_70' title='bbox 1104 1763 1171 1833; x_wconf 89' lang='lat' dir='ltr'>mei</span> 
     </span>
     <span class='ocr_line' id='line_1_12' title="bbox 101 1875 1171 1978; baseline 0.004 -26"><span class='ocrx_word' id='word_1_71' title='bbox 101 1885 212 1974; x_wconf 81' lang='lat' dir='ltr'>gratia</span> <span class='ocrx_word' id='word_1_72' title='bbox 231 1894 267 1956; x_wconf 89' lang='lat' dir='ltr'>et</span> <span class='ocrx_word' id='word_1_73' title='bbox 286 1883 529 1957; x_wconf 84' lang='lat' dir='ltr'>benevolentia</span> <span class='ocrx_word' id='word_1_74' title='bbox 551 1906 617 1955; x_wconf 93' lang='lat' dir='ltr'>vos</span> <span class='ocrx_word' id='word_1_75' title='bbox 638 1882 809 1967; x_wconf 88' lang='lat' dir='ltr'>viderem,</span> <span class='ocrx_word' id='word_1_76' title='bbox 831 1886 924 1978; x_wconf 91' lang='lat' dir='ltr'>quod</span> <span class='ocrx_word' id='word_1_77' title='bbox 948 1885 1086 1978; x_wconf 89' lang='lat' dir='ltr'>utrique</span> <span class='ocrx_word' id='word_1_78' title='bbox 1110 1875 1171 1956; x_wconf 82' lang='lat' dir='ltr'>ve-</span> 
     </span>
     <span class='ocr_line' id='line_1_13' title="bbox 101 2006 1170 2100; baseline 0.002 -23"><span class='ocrx_word' id='word_1_79' title='bbox 101 2020 210 2078; x_wconf 89' lang='lat' dir='ltr'>strum</span> <span class='ocrx_word' id='word_1_80' title='bbox 225 2010 259 2078; x_wconf 94' lang='lat' dir='ltr'>in</span> <span class='ocrx_word' id='word_1_81' title='bbox 277 2030 341 2080; x_wconf 91' lang='lat' dir='ltr'>suo</span> <span class='ocrx_word' id='word_1_82' title='bbox 362 2006 473 2100; x_wconf 85' lang='lat' dir='ltr'>gradu</span> <span class='ocrx_word' id='word_1_83' title='bbox 493 2008 584 2093; x_wconf 90' lang='lat' dir='ltr'>utile,</span> <span class='ocrx_word' id='word_1_84' title='bbox 600 2006 801 2079; x_wconf 88' lang='lat' dir='ltr'>delectabile</span> <span class='ocrx_word' id='word_1_85' title='bbox 820 2019 925 2100; x_wconf 88' lang='lat' dir='ltr'>atque</span> <span class='ocrx_word' id='word_1_86' title='bbox 944 2007 1170 2080; x_wconf 87' lang='lat' dir='ltr'>honorificum</span> 
     </span>
     <span class='ocr_line' id='line_1_14' title="bbox 99 2129 1171 2224; baseline 0 -22"><span class='ocrx_word' id='word_1_87' title='bbox 99 2130 312 2202; x_wconf 88' lang='lat' dir='ltr'>arbitrabar:</span> <span class='ocrx_word' id='word_1_88' title='bbox 335 2153 397 2224; x_wconf 92' lang='lat' dir='ltr'>pro</span> <span class='ocrx_word' id='word_1_89' title='bbox 416 2153 486 2224; x_wconf 90' lang='lat' dir='ltr'>quo</span> <span class='ocrx_word' id='word_1_90' title='bbox 506 2129 560 2200; x_wconf 92' lang='lat' dir='ltr'>bis</span> <span class='ocrx_word' id='word_1_91' title='bbox 581 2152 671 2201; x_wconf 89' lang='lat' dir='ltr'>anno</span> <span class='ocrx_word' id='word_1_92' title='bbox 691 2132 766 2212; x_wconf 90' lang='lat' dir='ltr'>isto,</span> <span class='ocrx_word' id='word_1_93' title='bbox 789 2129 912 2201; x_wconf 91' lang='lat' dir='ltr'>eodem</span> <span class='ocrx_word' id='word_1_94' title='bbox 933 2130 1074 2202; x_wconf 91' lang='lat' dir='ltr'>domino</span> <span class='ocrx_word' id='word_1_95' title='bbox 1095 2153 1171 2224; x_wconf 89' lang='lat' dir='ltr'>per·</span> 
     </span>
     <span class='ocr_line' id='line_1_15' title="bbox 97 2253 1169 2335; baseline 0.002 -13"><span class='ocrx_word' id='word_1_96' title='bbox 97 2254 262 2335; x_wconf 83' lang='lat' dir='ltr'>mittente,</span> <span class='ocrx_word' id='word_1_97' title='bbox 286 2255 451 2324; x_wconf 81' lang='lat' dir='ltr'>famulum</span> <span class='ocrx_word' id='word_1_98' title='bbox 470 2274 583 2323; x_wconf 90' lang='lat' dir='ltr'>meum</span> <span class='ocrx_word' id='word_1_99' title='bbox 603 2274 681 2323; x_wconf 91' lang='lat' dir='ltr'>cum</span> <span class='ocrx_word' id='word_1_100' title='bbox 703 2254 825 2324; x_wconf 88' lang='lat' dir='ltr'>litteris</span> <span class='ocrx_word' id='word_1_101' title='bbox 840 2253 961 2325; x_wconf 88' lang='lat' dir='ltr'>advos</span> <span class='ocrx_word' id='word_1_102' title='bbox 977 2254 1066 2324; x_wconf 89' lang='lat' dir='ltr'>misi.</span> <span class='ocrx_word' id='word_1_103' title='bbox 1083 2254 1169 2324; x_wconf 85' lang='lat' dir='ltr'>Fru-</span> 
     </span>
     <span class='ocr_line' id='line_1_16' title="bbox 98 2374 1170 2467; baseline 0 -21"><span class='ocrx_word' id='word_1_104' title='bbox 98 2391 167 2447; x_wconf 83' lang='lat' dir='ltr'>stra</span> <span class='ocrx_word' id='word_1_105' title='bbox 186 2387 311 2445; x_wconf 86' lang='lat' dir='ltr'>tamen.</span> <span class='ocrx_word' id='word_1_106' title='bbox 325 2376 423 2444; x_wconf 93' lang='lat' dir='ltr'>Nunc</span> <span class='ocrx_word' id='word_1_107' title='bbox 436 2376 508 2446; x_wconf 88' lang='lat' dir='ltr'>[teo</span> <span class='ocrx_word' id='word_1_108' title='bbox 522 2375 667 2457; x_wconf 78' lang='lat' dir='ltr'>favente,</span> <span class='ocrx_word' id='word_1_109' title='bbox 682 2375 777 2465; x_wconf 92' lang='lat' dir='ltr'>quod</span> <span class='ocrx_word' id='word_1_110' title='bbox 794 2374 956 2467; x_wconf 88' lang='lat' dir='ltr'>optabam</span> <span class='ocrx_word' id='word_1_111' title='bbox 973 2377 1091 2458; x_wconf 91' lang='lat' dir='ltr'>video,</span> <span class='ocrx_word' id='word_1_112' title='bbox 1110 2386 1170 2446; x_wconf 86' lang='lat' dir='ltr'>ant</span> 
     </span>
     <span class='ocr_line' id='line_1_17' title="bbox 97 2496 1168 2587; baseline 0.002 -21"><span class='ocrx_word' id='word_1_113' title='bbox 97 2509 189 2568; x_wconf 84' lang='lat' dir='ltr'>certe</span> <span class='ocrx_word' id='word_1_114' title='bbox 209 2496 253 2565; x_wconf 87' lang='lat' dir='ltr'>de</span> <span class='ocrx_word' id='word_1_115' title='bbox 275 2496 434 2587; x_wconf 82' lang='lat' dir='ltr'>proximo</span> <span class='ocrx_word' id='word_1_116' title='bbox 456 2517 533 2565; x_wconf 88' lang='lat' dir='ltr'>sum</span> <span class='ocrx_word' id='word_1_117' title='bbox 557 2497 710 2566; x_wconf 88' lang='lat' dir='ltr'>visurus.</span> <span class='ocrx_word' id='word_1_118' title='bbox 736 2496 871 2567; x_wconf 88' lang='lat' dir='ltr'>Gratias</span> <span class='ocrx_word' id='word_1_119' title='bbox 897 2498 978 2568; x_wconf 90' lang='lat' dir='ltr'>lcsu</span> <span class='ocrx_word' id='word_1_120' title='bbox 1011 2498 1168 2581; x_wconf 85' lang='lat' dir='ltr'>Christe,</span> 
     </span>
     <span class='ocr_line' id='line_1_18' title="bbox 95 2616 1170 2712; baseline 0.001 -23"><span class='ocrx_word' id='word_1_121' title='bbox 95 2620 252 2712; x_wconf 89' lang='lat' dir='ltr'>quicum</span> <span class='ocrx_word' id='word_1_122' title='bbox 278 2637 372 2709; x_wconf 82' lang='lat' dir='ltr'>saepe</span> <span class='ocrx_word' id='word_1_123' title='bbox 399 2617 503 2701; x_wconf 87' lang='lat' dir='ltr'>alias,</span> <span class='ocrx_word' id='word_1_124' title='bbox 532 2627 604 2688; x_wconf 92' lang='lat' dir='ltr'>tum</span> <span class='ocrx_word' id='word_1_125' title='bbox 630 2616 734 2688; x_wconf 91' lang='lat' dir='ltr'>modo</span> <span class='ocrx_word' id='word_1_126' title='bbox 754 2617 929 2711; x_wconf 79' lang='lat' dir='ltr'>praecipue</span> <span class='ocrx_word' id='word_1_127' title='bbox 960 2617 1088 2688; x_wconf 90' lang='lat' dir='ltr'>votivis</span> <span class='ocrx_word' id='word_1_128' title='bbox 1117 2640 1170 2690; x_wconf 90' lang='lat' dir='ltr'>mc</span> 
     </span>
     <span class='ocr_line' id='line_1_19' title="bbox 96 2738 1168 2831; baseline -0.002 -18"><span class='ocrx_word' id='word_1_129' title='bbox 96 2743 294 2813; x_wconf 88' lang='lat' dir='ltr'>consolatur</span> <span class='ocrx_word' id='word_1_130' title='bbox 331 2738 527 2811; x_wconf 87' lang='lat' dir='ltr'>eventibus.</span> <span class='ocrx_word' id='word_1_131' title='bbox 568 2741 647 2831; x_wconf 92' lang='lat' dir='ltr'>lpse</span> <span class='ocrx_word' id='word_1_132' title='bbox 679 2738 821 2831; x_wconf 89' lang='lat' dir='ltr'>quidem</span> <span class='ocrx_word' id='word_1_133' title='bbox 853 2739 1016 2811; x_wconf 90' lang='lat' dir='ltr'>dominus</span> <span class='ocrx_word' id='word_1_134' title='bbox 1050 2761 1168 2824; x_wconf 76' lang='lat' dir='ltr'>meuS,</span> 
     </span>
     <span class='ocr_line' id='line_1_20' title="bbox 95 2861 1169 2979; baseline 0 -44"><span class='ocrx_word' id='word_1_135' title='bbox 95 2867 193 2936; x_wconf 89' lang='lat' dir='ltr'>cuius</span> <span class='ocrx_word' id='word_1_136' title='bbox 221 2865 268 2937; x_wconf 88' lang='lat' dir='ltr'>rei</span> <span class='ocrx_word' id='word_1_137' title='bbox 295 2885 362 2956; x_wconf 84' lang='lat' dir='ltr'>ego</span> <span class='ocrx_word' id='word_1_138' title='bbox 388 2862 452 2934; x_wconf 91' lang='lat' dir='ltr'>sibi</span> <span class='ocrx_word' id='word_1_139' title='bbox 480 2884 557 2934; x_wconf 87' lang='lat' dir='ltr'>sum</span> <span class='ocrx_word' id='word_1_140' title='bbox 592 2861 704 2946; x_wconf 90' lang='lat' dir='ltr'>testis,</span> <span class='ocrx_word' id='word_1_141' title='bbox 732 2885 907 2957; x_wconf 89' lang='lat' dir='ltr'>nunquam</span> <span class='ocrx_word' id='word_1_142' title='bbox 929 2887 948 2936; x_wconf 92' lang='lat' dir='ltr'>a</span> <span class='ocrx_word' id='word_1_143' title='bbox 969 2863 1071 2979; x_wconf 63' lang='lat' dir='ltr'>vobpfp</span> <span class='ocrx_word' id='word_1_144' title='bbox 1097 2869 1169 2936; x_wconf 89' lang='lat' dir='ltr'>ani-</span> 
     </span>
     <span class='ocr_line' id='line_1_21' title="bbox 95 2986 1169 3084; baseline 0.001 -25"><span class='ocrx_word' id='word_1_145' title='bbox 95 3013 189 3059; x_wconf 91' lang='lat' dir='ltr'>mum</span> <span class='ocrx_word' id='word_1_146' title='bbox 209 2990 347 3084; x_wconf 87' lang='lat' dir='ltr'>penitus</span> <span class='ocrx_word' id='word_1_147' title='bbox 367 2987 518 3060; x_wconf 85' lang='lat' dir='ltr'>alienum</span> <span class='ocrx_word' id='word_1_148' title='bbox 541 2988 677 3071; x_wconf 86' lang='lat' dir='ltr'>habuit,</span> <span class='ocrx_word' id='word_1_149' title='bbox 697 3009 759 3059; x_wconf 89' lang='lat' dir='ltr'>nec</span> <span class='ocrx_word' id='word_1_150' title='bbox 779 2986 929 3083; x_wconf 59' lang='lat' dir='ltr'>uniquam</span> <span class='ocrx_word' id='word_1_151' title='bbox 948 3008 1061 3082; x_wconf 85' lang='lat' dir='ltr'>usque</span> <span class='ocrx_word' id='word_1_152' title='bbox 1082 2987 1169 3060; x_wconf 88' lang='lat' dir='ltr'>adeo</span> 
     </span>
     <span class='ocr_line' id='line_1_22' title="bbox 95 3111 1169 3204; baseline 0 -22"><span class='ocrx_word' id='word_1_153' title='bbox 95 3123 287 3204; x_wconf 74' lang='lat' dir='ltr'>praesentes</span> <span class='ocrx_word' id='word_1_154' title='bbox 313 3112 507 3184; x_wconf 89' lang='lat' dir='ltr'>inimicitias</span> <span class='ocrx_word' id='word_1_155' title='bbox 534 3111 723 3204; x_wconf 79' lang='lat' dir='ltr'>cogitavit,</span> <span class='ocrx_word' id='word_1_156' title='bbox 745 3112 828 3204; x_wconf 89' lang='lat' dir='ltr'>quin</span> <span class='ocrx_word' id='word_1_157' title='bbox 851 3112 978 3183; x_wconf 89' lang='lat' dir='ltr'>veteris</span> <span class='ocrx_word' id='word_1_158' title='bbox 1009 3111 1169 3182; x_wconf 73' lang='lat' dir='ltr'>amicitiae</span> 
     </span>
     <span class='ocr_line' id='line_1_23' title="bbox 96 3232 1171 3334; baseline 0.001 -31"><span class='ocrx_word' id='word_1_159' title='bbox 96 3233 319 3303; x_wconf 85' lang='lat' dir='ltr'>meminisset</span> <span class='ocrx_word' id='word_1_160' title='bbox 346 3234 448 3317; x_wconf 87' lang='lat' dir='ltr'>Quod</span> <span class='ocrx_word' id='word_1_161' title='bbox 481 3234 558 3306; x_wconf 90' lang='lat' dir='ltr'>ideo</span> <span class='ocrx_word' id='word_1_162' title='bbox 591 3233 722 3305; x_wconf 87' lang='lat' dir='ltr'>dictum</span> <span class='ocrx_word' id='word_1_163' title='bbox 747 3232 864 3317; x_wconf 89' lang='lat' dir='ltr'>velim,</span> <span class='ocrx_word' id='word_1_164' title='bbox 888 3245 925 3304; x_wconf 94' lang='lat' dir='ltr'>ut</span> <span class='ocrx_word' id='word_1_165' title='bbox 945 3254 1009 3334; x_wconf 85' lang='lat' dir='ltr'>vps</span> <span class='ocrx_word' id='word_1_166' title='bbox 1030 3254 1171 3330; x_wconf 88' lang='lat' dir='ltr'>quoque</span> 
     </span>
     <span class='ocr_line' id='line_1_24' title="bbox 97 3322 1170 3450; baseline 0.001 -25"><span class='ocrx_word' id='word_1_167' title='bbox 97 3354 354 3427; x_wconf 80' lang='lat' dir='ltr'>adornandum</span> <span class='ocrx_word' id='word_1_168' title='bbox 381 3355 634 3450; x_wconf 88' lang='lat' dir='ltr'>colendumque</span> <span class='ocrx_word' id='word_1_169' title='bbox 657 3357 758 3426; x_wconf 86' lang='lat' dir='ltr'>talem</span> <span class='ocrx_word' id='word_1_170' title='bbox 779 3322 970 3438; x_wconf 83' lang='lat' dir='ltr'>dominnm,</span> <span class='ocrx_word' id='word_1_171' title='bbox 999 3356 1093 3447; x_wconf 88' lang='lat' dir='ltr'>quod</span> <span class='ocrx_word' id='word_1_172' title='bbox 1119 3358 1170 3426; x_wconf 84' lang='lat' dir='ltr'>le-</span> 
     </span>
     <span class='ocr_line' id='line_1_25' title="bbox 95 3477 1171 3573; baseline -0.002 -22"><span class='ocrx_word' id='word_1_173' title='bbox 95 3481 187 3551; x_wconf 90' lang='lat' dir='ltr'>cisse</span> <span class='ocrx_word' id='word_1_174' title='bbox 206 3501 270 3551; x_wconf 88' lang='lat' dir='ltr'>vos</span> <span class='ocrx_word' id='word_1_175' title='bbox 293 3501 432 3572; x_wconf 89' lang='lat' dir='ltr'>semper</span> <span class='ocrx_word' id='word_1_176' title='bbox 453 3481 538 3564; x_wconf 86' lang='lat' dir='ltr'>scin,</span> <span class='ocrx_word' id='word_1_177' title='bbox 562 3478 673 3570; x_wconf 82' lang='lat' dir='ltr'>magis</span> <span class='ocrx_word' id='word_1_178' title='bbox 694 3499 741 3573; x_wconf 87' lang='lat' dir='ltr'>ac</span> <span class='ocrx_word' id='word_1_179' title='bbox 755 3478 867 3570; x_wconf 80' lang='lat' dir='ltr'>magis</span> <span class='ocrx_word' id='word_1_180' title='bbox 888 3479 1042 3549; x_wconf 87' lang='lat' dir='ltr'>animum</span> <span class='ocrx_word' id='word_1_181' title='bbox 1069 3477 1171 3551; x_wconf 91' lang='lat' dir='ltr'>indu-</span> 
     </span>
     <span class='ocr_line' id='line_1_26' title="bbox 96 3601 1171 3697; baseline -0.002 -24"><span class='ocrx_word' id='word_1_182' title='bbox 96 3605 193 3676; x_wconf 89' lang='lat' dir='ltr'>catis.</span> <span class='ocrx_word' id='word_1_183' title='bbox 233 3605 323 3675; x_wconf 87' lang='lat' dir='ltr'>Sane</span> <span class='ocrx_word' id='word_1_184' title='bbox 360 3602 455 3697; x_wconf 87' lang='lat' dir='ltr'>quod</span> <span class='ocrx_word' id='word_1_185' title='bbox 487 3601 637 3674; x_wconf 90' lang='lat' dir='ltr'>scribitis</span> <span class='ocrx_word' id='word_1_186' title='bbox 675 3604 741 3673; x_wconf 90' lang='lat' dir='ltr'>mei</span> <span class='ocrx_word' id='word_1_187' title='bbox 774 3602 995 3697; x_wconf 87' lang='lat' dir='ltr'>praesentiam</span> <span class='ocrx_word' id='word_1_188' title='bbox 1035 3621 1171 3672; x_wconf 88' lang='lat' dir='ltr'>summo</span> 
     </span>
     <span class='ocr_line' id='line_1_27' title="bbox 95 3723 1268 3821; baseline -0.005 -23"><span class='ocrx_word' id='word_1_189' title='bbox 95 3726 271 3799; x_wconf 89' lang='lat' dir='ltr'>desiderio</span> <span class='ocrx_word' id='word_1_190' title='bbox 297 3750 362 3799; x_wconf 89' lang='lat' dir='ltr'>vos</span> <span class='ocrx_word' id='word_1_191' title='bbox 389 3738 522 3821; x_wconf 87' lang='lat' dir='ltr'>optare,</span> <span class='ocrx_word' id='word_1_192' title='bbox 551 3726 634 3796; x_wconf 90' lang='lat' dir='ltr'>mihi</span> <span class='ocrx_word' id='word_1_193' title='bbox 664 3725 804 3818; x_wconf 87' lang='lat' dir='ltr'>quidem</span> <span class='ocrx_word' id='word_1_194' title='bbox 828 3735 865 3796; x_wconf 91' lang='lat' dir='ltr'>ut</span> <span class='ocrx_word' id='word_1_195' title='bbox 886 3724 1091 3808; x_wconf 88' lang='lat' dir='ltr'>iucundum,</span> <span class='ocrx_word' id='word_1_196' title='bbox 1120 3723 1170 3793; x_wconf 89' lang='lat' dir='ltr'>sic</span> <span class='ocrx_word' id='word_1_197' title='bbox 1267 3733 1268 3738; x_wconf 77' lang='grc'>’</span> 
     </span>
     <span class='ocr_line' id='line_1_28' title="bbox 98 3825 1171 3943; baseline -0.004 -23"><span class='ocrx_word' id='word_1_198' title='bbox 98 3852 237 3923; x_wconf 89' lang='lat' dir='ltr'>minime</span> <span class='ocrx_word' id='word_1_199' title='bbox 270 3875 399 3925; x_wconf 90' lang='lat' dir='ltr'>novum</span> <span class='ocrx_word' id='word_1_200' title='bbox 429 3851 531 3922; x_wconf 91' lang='lat' dir='ltr'>venit.</span> <span class='ocrx_word' id='word_1_201' title='bbox 560 3849 654 3920; x_wconf 87' lang='lat' dir='ltr'>idern</span> <span class='ocrx_word' id='word_1_202' title='bbox 676 3825 766 3920; x_wconf 88' lang='lat' dir='ltr'>enirn</span> <span class='ocrx_word' id='word_1_203' title='bbox 790 3872 943 3943; x_wconf 84' lang='lat' dir='ltr'>semper,</span> <span class='ocrx_word' id='word_1_204' title='bbox 967 3848 1061 3939; x_wconf 92' lang='lat' dir='ltr'>quod</span> <span class='ocrx_word' id='word_1_205' title='bbox 1085 3847 1171 3918; x_wconf 91' lang='lat' dir='ltr'>obli-</span> 
     </span>
     <span class='ocr_line' id='line_1_29' title="bbox 98 3969 1170 4068; baseline 0 -29"><span class='ocrx_word' id='word_1_206' title='bbox 98 3971 183 4044; x_wconf 89' lang='lat' dir='ltr'>visci</span> <span class='ocrx_word' id='word_1_207' title='bbox 204 3997 354 4068; x_wconf 90' lang='lat' dir='ltr'>nequeo,</span> <span class='ocrx_word' id='word_1_208' title='bbox 378 3974 509 4046; x_wconf 90' lang='lat' dir='ltr'>meritis</span> <span class='ocrx_word' id='word_1_209' title='bbox 533 3973 618 4043; x_wconf 90' lang='lat' dir='ltr'>meis</span> <span class='ocrx_word' id='word_1_210' title='bbox 640 3972 757 4054; x_wconf 78' lang='lat' dir='ltr'>nulliS,</span> <span class='ocrx_word' id='word_1_211' title='bbox 781 3973 854 4042; x_wconf 90' lang='lat' dir='ltr'>sola</span> <span class='ocrx_word' id='word_1_212' title='bbox 880 3971 1039 4063; x_wconf 80' lang='lat' dir='ltr'>generosi</span> <span class='ocrx_word' id='word_1_213' title='bbox 1064 3969 1170 4040; x_wconf 91' lang='lat' dir='ltr'>animi</span> 
     </span>
     <span class='ocr_line' id='line_1_30' title="bbox 97 4096 1168 4190; baseline -0.002 -27"><span class='ocrx_word' id='word_1_214' title='bbox 97 4097 205 4166; x_wconf 87' lang='lat' dir='ltr'>vestri</span> <span class='ocrx_word' id='word_1_215' title='bbox 230 4097 497 4170; x_wconf 86' lang='lat' dir='ltr'>mausuetudine</span> <span class='ocrx_word' id='word_1_216' title='bbox 522 4096 745 4190; x_wconf 88' lang='lat' dir='ltr'>concupistis.</span> <span class='ocrx_word' id='word_1_217' title='bbox 769 4096 844 4188; x_wconf 78' lang='lat' dir='ltr'>Ego</span> <span class='ocrx_word' id='word_1_218' title='bbox 866 4103 981 4165; x_wconf 75' lang='lat' dir='ltr'>alitem</span> <span class='ocrx_word' id='word_1_219' title='bbox 1004 4106 1168 4185; x_wconf 90' lang='lat' dir='ltr'>qnantum</span> 
     </span>
    </p>
   </div>
   <div class='ocr_carea' id='block_1_4' title="bbox 0 0 1340 4688">
    <p class='ocr_par' dir='ltr' id='par_1_4' title="bbox 0 0 1340 4688">
     <span class='ocr_line' id='line_1_31' title="bbox 0 0 1340 4688; baseline 0 1"><span class='ocrx_word' id='word_1_220' title='bbox 0 0 1340 4688; x_wconf 95' lang='lat' dir='ltr'> </span> 
     </span>
    </p>
   </div>
  </div>
 </body>
</html>
