2670 4688
276 250 368 299 trouu
391 251 928 311 vrussrnusoonnros.——nrrsrotn
949 256 993 304 ιιι.
1106 241 1166 303 ellit

94 405 262 484 praeterea
283 394 483 486 Pompeium
505 396 602 480 sileo,
625 418 703 466 eum
725 418 795 488 quo
817 396 1057 489 iurequodam
1071 397 1170 467 fami-

89 516 244 586 liaritatis
265 514 433 607 quidlibet
453 537 558 610 posse
580 515 755 589 videbare.
775 519 843 590 Sed
864 519 943 609 quis
965 528 998 587 te
1019 521 1115 590 furor
1135 520 1169 589 in

87 638 275 708 Antonium
293 638 461 731 impegit?
478 638 586 709 Amor
602 640 708 710 credo
727 642 950 735 Reipublicae,
969 666 1072 735 quarn
1092 645 1169 713 fun-

87 758 180 830 ditus
201 760 269 828 ianr
290 760 466 831 corruisse
491 760 666 832 fatebaris
692 763 793 846 Quod
828 765 856 833 si
889 788 975 859 pura
1006 764 1111 850 fides,
1139 765 1168 835 si

87 881 228 952 libertas
252 894 284 951 te
305 879 465 951 trahebat
492 880 601 974 (quod
632 883 772 974 quidem
799 884 843 955 de
871 894 965 955 tanto
990 884 1067 955 viro
1092 885 1169 955 lioet

87 1002 249 1094 opinari),
277 1002 363 1095 quid
389 1001 546 1073 libitam
571 1003 740 1075 familiare
761 1027 840 1076 curn
862 1005 1048 1098 Augusto?
1079 1005 1169 1089 Quid

87 1129 179 1199 enim
205 1131 313 1198 Bruto
347 1139 405 1198 tuo
440 1147 674 1219 responsurus
708 1132 771 1198 esf
802 1128 836 1198 Si
866 1129 1007 1221 quidem
1032 1128 1167 1223 (inquit)

87 1250 253 1321 Octavius
279 1249 339 1321 tibi
363 1252 478 1343 placet
507 1272 575 1322 noo
608 1252 793 1322 Dominum
825 1249 959 1343 fugisse
993 1250 1056 1321 sed
1083 1249 1168 1320 ami-

86 1375 215 1444 ciorem
252 1372 429 1444 dominum
467 1372 641 1465 quaesisse
676 1371 863 1444 videberis.
902 1374 975 1444 Hoc
1012 1371 1168 1443 restabat

87 1494 218 1579 infelix,
240 1507 276 1567 et
296 1495 361 1565 hoc
381 1504 457 1567 erat
476 1504 672 1565 extremum
695 1494 830 1577 Cicero,
855 1507 891 1567 ut
911 1495 992 1567 huic
1013 1497 1079 1589 ipsi
1096 1508 1165 1567 lam

85 1617 225 1691 laudato
246 1617 488 1700 malediceres
510 1617 605 1710 quod
627 1615 688 1687 tibi
708 1639 777 1688 non
798 1616 910 1689 dicam
933 1621 1164 1703 malefaceret,

86 1734 470 1812 sed'malefacienribus
498 1761 567 1811 non
592 1739 759 1811 obstaret.
794 1741 902 1811 Doleo
931 1741 1043 1812 vicem
1071 1753 1164 1813 tuam

84 1864 208 1946 amice,
230 1874 266 1935 et
284 1884 444 1933 errorum
465 1863 574 1956 pudet
593 1884 633 1936 ac
655 1861 798 1934 miseret
819 1874 1007 1935 tantorum:
1027 1865 1165 1958 iamque

84 2007 163 2056 cum
183 1983 305 2056 eodem
327 1987 435 2055 Bruto
460 1983 504 2054 iis
529 1982 663 2056 artibus
693 1983 777 2054 nihil
812 1983 940 2068 tribuo,
975 1984 1104 2078 quibus
1131 1993 1164 2055 te

84 2108 392 2183 instructissimum
441 2108 551 2179 foisse
593 2107 677 2179 scio.
732 2106 901 2199 Nimirum
944 2107 1030 2201 quid
1069 2106 1166 2179 iuvat

83 2234 169 2304 alios
189 2231 334 2316 docere,
355 2230 441 2324 quid
460 2230 692 2304 ornatissimis
720 2229 839 2303 verbis
861 2253 998 2325 semper
1023 2230 1068 2302 de
1093 2222 1164 2301 vir-

83 2354 214 2425 tutibus
234 2354 329 2445 loqui
348 2352 506 2445 prodest,
530 2353 560 2421 si
587 2361 620 2423 te
645 2352 781 2423 interim
807 2352 883 2446 ipse
914 2376 983 2426 noo
1016 2354 1165 2426 audias‘?

82 2475 154 2545 lllr!
178 2482 310 2565 quanto
330 2472 440 2564 satius
461 2474 575 2543 fuerat
592 2470 797 2563 philosopho
813 2475 1005 2565 praesertim
1020 2476 1054 2543 in
1069 2486 1163 2545 tran-

82 2596 190 2687 quillo
212 2616 293 2664 rure
313 2591 487 2674 senuisse,
509 2591 555 2663 de
575 2602 743 2683 perpetua
760 2591 834 2674 illa,
857 2605 895 2663 ut
915 2592 990 2685 ipse
1010 2593 1163 2691 quodam

83 2720 157 2789 loco
190 2717 253 2798 aiS,
289 2736 358 2786 non
390 2713 434 2785 de
467 2712 532 2785 hac
566 2712 632 2784 iam
665 2713 794 2805 exigua
827 2715 897 2784 vita
935 2713 1160 2806 cogitantem,

80 2840 194 2911 nullos
211 2837 378 2909 babuisse
394 2839 522 2921 fasceS,
539 2836 644 2907 nullis
663 2835 847 2930 triumphis
865 2835 1029 2921 inbiasse,
1049 2836 1162 2907 nullos

82 2961 222 3035 inflasse
255 2959 316 3033 tibi
350 2960 503 3032 animum
531 2959 707 3031 Catilinas.
742 2960 812 3033 Sed
844 2959 889 3032 de
920 2958 986 3032 hoc
1019 2957 1160 3052 quidem

81 3086 219 3156 frustra.
238 3085 418 3155 AEternum
444 3085 542 3169 vale,
565 3083 611 3154 mi
634 3083 765 3155 Cicero.
792 3083 896 3187 Apud
921 3104 1083 3177 superos,
1117 3080 1162 3151 ad

79 3205 261 3277 dexteram
288 3205 427 3277 Athesis
445 3207 573 3300 ripam,
594 3205 788 3277 incivitate
813 3204 1075 3300 Transpadanae
1095 3199 1162 3270 lta·

81 3327 137 3398 liae
157 3327 306 3397 Verona.
328 3328 406 3397 XVI
427 3328 602 3400 Kalendas
623 3329 812 3412 Quintiles
836 3349 928 3400 anno
941 3325 987 3397 ab
999 3336 1076 3396 ortu
1099 3320 1159 3392 liei

81 3448 171 3520 illius
193 3469 297 3540 quem
320 3458 355 3518 tu
377 3469 446 3519 non
467 3470 616 3522 noveras
638 3448 858 3522 lllCCCXLV.
