2834 5086
62 666 121 727 ltu
407 704 449 755 na
471 706 571 759 narius
593 708 820 764 raumanmus

63 840 170 919 propp
197 834 284 911 nihil
315 843 591 945 inexpugnabile
619 854 738 928 multis
766 858 915 933 sortibus
942 867 1032 938 viris
1059 871 1168 947 unius

64 963 160 1079 prora
191 970 452 1064 pugnantibus,
488 978 548 1052 uhi
574 979 687 1051 virtus
714 991 750 1052 et
774 984 926 1057 eruditio
951 991 1003 1060 rei
1030 990 1169 1069 bellicae

64 1088 97 1205 m
131 1093 242 1151 unum
270 1108 413 1173 corruat.
444 1104 529 1179 llaec
554 1126 680 1200 nompo
706 1106 800 1179 acies
820 1108 935 1182 dirum
957 1112 1044 1183 vicit
1069 1116 1169 1188 llan-

65 1188 234 1289 ¹¹¹bl¹¹0¹¹l,
270 1226 535 1311 magnanimum
559 1227 731 1325 Pyrrhum
758 1232 878 1324 fregit,
905 1233 1103 1329 Syphacem
1129 1239 1166 1311 in

64 1334 262 1455 citreorum,
291 1336 425 1421 Persen
453 1353 488 1423 in
514 1352 668 1433 vincula,
695 1349 930 1425 Mithridatem
952 1353 986 1424 in
1014 1369 1166 1431 mortem

65 1451 159 1531 ragit:
196 1446 415 1544 Antiochum
450 1500 581 1569 regno,
616 1475 745 1572 Cyrum
781 1476 908 1569 opibus
928 1477 1043 1565 exuit,
1071 1482 1167 1573 pira·

68 1574 122 1637 “¹⁸
147 1573 306 1706 'llssissllffl
342 1590 421 1669 llaec
461 1603 626 1677 Punicam
657 1603 809 1673 classem
847 1611 920 1675 tolo
957 1615 1166 1695 regnantem

70 1712 155 1763 mam
170 1697 247 1769 Silis
262 1718 389 1789 mersit
403 1721 437 1794 in
452 1724 631 1800 auctibus:
651 1725 727 1795 haec
744 1724 947 1817 iugurtham
962 1727 1167 1820 parricidio·

71 1838 147 1893 ”¹¹¹¹
182 1824 417 1935 aetateque
449 1872 573 1944 poenas
603 1847 755 1944 pendere
786 1849 973 1943 compulit:
994 1849 1071 1921 haec
1089 1853 1168 1923 Bri-

75 1941 224 2018 taeniam
248 1973 354 2034 muro
375 1966 532 2058 diremit,
561 1973 672 2045 Rheni
706 1972 799 2063 ripas
832 1981 936 2063 ponte
970 1973 1165 2058 coniunxit,

74 2066 222 2141 Danubii
242 2084 397 2161 vortices
420 2094 658 2188 impetumque
675 2092 911 2185 compescuit3
934 2093 1010 2163 haec
1029 2095 1165 2180 eadem,

76 2192 132 2270 cui
153 2196 257 2271 modo
278 2204 464 2287 Ciminiam
492 2220 613 2290 silvam
641 2215 822 2285 transiisse
847 2236 1013 2304 magnum
1035 2217 1164 2299 luerat,

79 2343 162 2397 m0x
193 2313 282 2415 iuga
312 2329 455 2424 Alpium
489 2339 642 2433 aperuit,
677 2335 902 2405 Arduennam
936 2346 973 2405 et
1004 2337 1166 2429 Pyrenaei

82 2448 191 2521 saltus
225 2456 331 2538 alque
370 2456 541 2529 Hireinias
573 2453 723 2527 latebras
759 2456 977 2546 penetravit:
1013 2455 1166 2525 nivalem

82 2575 300 2650 Caucasum,
350 2595 477 2647 saxum
522 2579 660 2650 Atlanta
704 2578 927 2668 pertransiit,
971 2579 1170 2672 permeavit

83 2690 262 2770 ardentem
282 2691 435 2789 Lyhien,
458 2700 577 2793 Euripi
599 2697 774 2769 fremitum
794 2709 900 2792 atque
922 2711 1033 2771 aestus
1055 2700 1170 2771 Euxi-

83 2821 161 2894 nios
179 2820 216 2885 et
234 2812 361 2889 dubias
383 2821 505 2916 Syrtes
525 2833 561 2894 et
578 2821 748 2895 tumidum
769 2824 953 2914 navigavit
973 2843 1168 2895 oceanum:

85 2954 164 3026 haec
179 2939 237 3014 die
254 2964 325 3015 uno
342 2945 510 3039 Hispalim
529 2957 565 3019 et
582 2945 825 3039 Carthaginem
838 2946 1067 3040 expugnavit.
1082 2946 1169 3016 Nam

86 3085 121 3155 in
152 3066 283 3144 maiore
310 3070 418 3143 altera
444 3073 523 3165 plus
550 3068 680 3161 negotii
705 3092 768 3162 par
793 3079 960 3151 eventum
988 3069 1063 3140 haec
1093 3070 1170 3163 ipsa

86 3194 324 3281 Numantiam,
343 3193 421 3265 haec
439 3195 726 3287 hierosolymam,
742 3194 819 3263 haec
832 3191 1036 3264 Corinthum
1049 3190 1168 3273 diruit,

88 3334 167 3404 haee
193 3320 400 3413 Syracusas
433 3317 511 3386 haec
540 3315 709 3407 Capuam,
737 3313 813 3386 lraec
842 3316 1028 3386 Tarentum
1061 3312 1170 3405 cepit,

89 3460 166 3530 haec
197 3440 393 3535 Hispanias,
428 3440 506 3508 haec
534 3436 679 3520 Gallias,
714 3436 792 3507 haec
823 3434 1172 3520 Germaniam,.haec

91 3577 243 3652 Africam
266 3563 467 3655 Asiamque.
490 3558 559 3632 Sed
579 3581 648 3652 quo
669 3562 784 3630 leror‘?
808 3560 892 3633 Haec
917 3561 1067 3643 ltaliam,
1095 3558 1174 3629 haec

92 3706 282 3792 Europam,
314 3689 390 3759 haee
416 3696 586 3757 terrarum
613 3681 733 3755 orbem
759 3682 866 3753 armis
891 3681 1039 3767 domuit,
1066 3692 1173 3774 atque

95 3820 296 3901 virtutihus,
324 3832 462 3905 unoquo
481 3808 593 3901 capite
611 3805 714 3877 iussit
732 3826 813 3876 esse
838 3816 1058 3891 contentum:
1081 3824 1176 3877 sem·

97 3972 159 4042 per
176 3940 305 4016 victrix
322 3948 358 4007 et
378 3955 517 4028 semper
534 3929 710 4012 indomita,
730 3928 797 3998 nisi
814 3928 862 3997 illi
879 3928 1039 3999 victoriae
1055 3946 1176 3999 comes

98 4066 281 4146 insolentia
298 4058 488 4140 nocuisset,
508 4067 544 4127 et
563 4063 603 4124 ut
621 4053 705 4137 dixi,
725 4054 846 4124 luxum
866 4072 1002 4145 semper
1018 4073 1060 4123 ac
1076 4052 1179 4122 lune·

103 4205 300 4262 slesmores
313 4182 466 4281 paritura
481 4176 693 4273 prosperitas
706 4176 740 4245 in
755 4196 818 4247 sua
831 4172 971 4244 demum
985 4172 1180 4267 praecordia

104 4314 231 4381 ferrum
250 4319 407 4391 vertens,
427 4307 461 4374 in
480 4324 561 4375 sese
577 4301 660 4372 victi
677 4297 772 4371 orbis
790 4296 934 4367 iniurias
951 4296 1180 4368 vindicasset.

203 4432 247 4502 Et
291 4432 368 4501 haec
408 4424 550 4519 quidem
594 4424 653 4493 illi.
696 4420 813 4491 Nostri
850 4428 964 4488 autem
1001 4416 1181 4489 exercitus

106 4552 197 4648 pleni
218 4557 332 4627 lurum
355 4548 642 4646 praedonumque,
666 4541 861 4615 crebriores
882 4540 1054 4614 sociorum
1074 4558 1180 4632 quam
