2834 5086
623 681 785 729 t'tttltttt'tt

576 972 752 1037 Et’ls'l't'tll
776 976 844 1037 stt.

358 1138 552 1189 ruascrsuus
573 1140 741 1189 cernuum
763 1142 899 1191 sucusrr
921 1144 947 1191 s,
968 1144 997 1192 r.
1019 1142 1050 1192 u.

179 1284 338 1343 Cavendum
354 1300 416 1339 esse
431 1300 467 1339 ne
482 1284 545 1356 quis
560 1283 721 1339 offensionis
735 1300 847 1339 causam
862 1286 966 1341 uostris
980 1302 996 1341 e
1010 1286 1120 1359 scriptis
1133 1288 1235 1359 capiat.

263 1564 356 1633 lluos
381 1564 551 1636 Solitariae
583 1566 674 1635 Vitae
708 1562 814 1633 libros
839 1562 963 1655 scripsi
988 1561 1070 1632 olim
1096 1558 1145 1631 ud
1169 1560 1251 1631 Plri-

163 1688 292 1780 lippum
311 1686 584 1757 Cavalliceuscm
608 1708 684 1757 suae
705 1687 826 1777 patriae
844 1694 880 1756 et
908 1682 1105 1778 pontificem
1134 1693 1172 1756 et
1198 1684 1250 1755 vi-

164 1830 240 1878 rum
262 1806 444 1898 optimum,
468 1805 569 1877 nubis
594 1817 629 1877 et
659 1806 831 1898 hospitem
855 1815 892 1876 et
916 1819 1061 1899 patrem.
1094 1804 1168 1877 flos
1188 1828 1252 1879 cu·

164 1929 270 2021 pienti
295 1936 331 1997 et
355 1929 466 1998 oranti
491 1927 629 2000 mittere
649 1928 710 2000 diu
727 1928 862 2011 distuli,
879 1937 916 1999 et
931 1928 998 1998 iam
1020 1926 1088 1997 iam
1102 1948 1251 2001 causam

164 2048 340 2121 dilationis
363 2049 545 2140 intelliges.
565 2050 640 2141 Ego
656 2051 750 2120 enim
770 2061 807 2119 et
832 2050 909 2121 illos
930 2048 995 2119 sihi
1021 2070 1092 2121 uon
1117 2071 1251 2143 negare

164 2192 228 2241 nec
256 2171 463 2242 subtrahere
479 2174 629 2264 amplius
652 2172 783 2243 institui
814 2174 919 2265 (quos
944 2172 1036 2243 idem
1062 2172 1140 2265 ipse
1163 2172 1249 2245 dum

163 2293 288 2365 fierent
306 2308 386 2364 ante
407 2296 534 2365 multus
555 2316 664 2365 annos
686 2294 731 2365 ad
752 2296 894 2367 Fontem
921 2293 1055 2383 Surgiae
1076 2294 1171 2385 legit,
1199 2295 1252 2367 ie·

163 2418 278 2509 citque
298 2418 394 2509 quod
412 2419 536 2487 solitus
548 2429 619 2499 est,
639 2420 706 2487 mei
723 2418 815 2487 euim
834 2438 973 2509 semper
985 2416 1252 2488 amantissimus

164 2561 320 2608 mcor-uui
341 2560 485 2631 operum
508 2561 660 2609 eruorem
679 2540 778 2610 facile
796 2538 966 2631 concipit),
984 2550 1021 2610 et
1041 2550 1074 2608 te
1091 2536 1254 2609 simittter

164 2659 289 2728 hurum
311 2660 513 2751 participem
533 2662 645 2730 lacere
668 2661 700 2728 in
721 2663 837 2733 animo
856 2673 931 2731 est:
950 2660 1015 2731 sed
1034 2682 1076 2763 ea
1098 2662 1178 2752 lege
1195 2670 1251 2743 ut,

164 2783 249 2851 vivo
277 2804 350 2863 mc,
374 2804 477 2855 nemu
497 2784 586 2853 alius
608 2784 781 2877 particeps
806 2805 869 2876 per
894 2804 958 2853 vos
987 2780 1057 2855 fiat
1084 2782 1129 2856 Ut
1155 2786 1253 2857 enim

165 2905 317 2996 quadam
339 2905 372 2973 in
391 2916 488 2999 parte
508 2906 622 2998 operis
644 2905 828 2976 advertere
845 2905 922 2988 erit,
941 2924 1099 2975 summus
1116 2903 1254 2977 bicho-

163 3029 295 3098 minum
318 3030 397 3100 stilo
418 3028 526 3119 attigi.
554 3027 644 3111 Quid
665 3050 751 3119 ergo
776 3028 943 3119 inquies?
968 3026 1136 3099 Adeone
1162 3024 1251 3097 mihi

164 3152 265 3220 solito
288 3150 438 3221 timidior
464 3154 576 3221 sactus
600 3154 663 3219 es?
689 3152 763 3241 Ego
788 3172 874 3223 veru
900 3150 986 3220 nihil
1012 3150 1153 3219 minus:
1180 3150 1254 3221 imo

162 3271 325 3361 equidem
347 3294 417 3363 quo
438 3272 585 3343 vicinior
599 3275 699 3343 morti
719 3295 815 3357 sum,
837 3293 880 3343 eo
897 3285 934 3345 et
954 3271 1095 3366 pavoris
1117 3270 1252 3357 miuus,

163 3396 294 3485 etplus
316 3394 421 3464 animi
453 3408 517 3465 est.
541 3394 616 3465 Non
643 3403 699 3463 est
730 3416 876 3465 necesse
904 3406 940 3465 ut
970 3394 1060 3465 inter
1084 3395 1253 3467 litterulae

164 3515 268 3587 huius
286 3518 468 3607 angustias
490 3515 548 3586 tibi
575 3517 652 3587 illos
674 3517 852 3587 inlarciam
883 3538 972 3609 quos
997 3516 1122 3588 iecisse
1138 3518 1253 3589 lertur

165 3639 357 3733 intrepidos
379 3651 557 3720 senectus;
572 3661 686 3731 neque
699 3638 735 3711 id
749 3640 891 3721 mirum,
910 3662 989 3712 cum
1003 3662 1140 3712 onmem
1160 3662 1253 3735 pene

164 3760 373 3853 degenerem
393 3773 532 3846 metum,
548 3784 651 3834 omne
665 3762 794 3833 humile
808 3763 1050 3854 delectumque
1064 3762 1253 3835 consilium

163 3886 245 3975 luga
263 3886 385 3957 mortis
406 3898 442 3957 ct
462 3888 545 3957 vitae
564 3906 645 3976 spes
666 3885 791 3956 allerre
805 3889 958 3969 soleaut;
972 3890 1121 3978 quarum
1134 3884 1252 3978 primu

165 4008 274 4097 turpis
302 4010 336 4077 in
362 4028 447 4079 sene
472 4019 541 4087 est,
569 4005 726 4078 secunda
752 4008 855 4079 etium
884 4012 991 4081 stulta
1017 4030 1057 4079 ac
1090 4006 1251 4079 ridicula.

164 4128 238 4197 Nun
260 4150 326 4219 ego
348 4130 455 4222 pluris
477 4130 564 4199 lucio
585 4151 689 4222 quam
713 4134 808 4203 soleo
829 4130 952 4203 horum
975 4130 1186 4203 offensiones
1206 4150 1252 4203 ac

166 4246 302 4333 iudicia,
324 4253 439 4342 quiet
466 4274 552 4323 vero
577 4252 810 4337 offenduntur,
824 4265 860 4326 et
876 4256 963 4325 falso
988 4253 1151 4326 iudicant.
1177 4252 1252 4325 Sed

167 4391 243 4437 ruru
266 4372 568 4447 innumerabilium
591 4378 690 4469 plena
713 4376 952 4447 discriminum
975 4378 1020 4447 sit
1042 4375 1117 4447 haec
1139 4396 1250 4467 quum

167 4490 302 4571 upiurus
323 4497 404 4567 ritu
427 4498 498 4567 ria.
524 4508 675 4587 praestat,
696 4499 761 4568 etsi
780 4499 824 4569 ud
846 4501 891 4568 uil
907 4498 1013 4583 aliud,
1028 4497 1071 4569 ad
1092 4498 1249 4589 quietem
