2670 4688
118 236 158 298 ll
457 249 497 295 pe
519 248 620 298 uranus
641 248 864 299 annullamus

119 382 278 476 prooemii
292 384 403 453 locum
420 390 523 454 tenet.
538 385 588 453 De
601 383 744 476 reliquis
766 384 869 456 modo
886 385 933 454 nil
952 384 1100 469 mittam,
1119 386 1205 478 quia

119 501 305 593 sperabam
327 503 416 596 ipse,
432 502 590 576 trahente
603 503 684 575 binc
701 502 901 598 inexplebili
921 508 1101 578 oculorum
1119 506 1207 579 hine

119 623 223 695 animi
244 626 434 718 voluptate,
455 627 599 697 Romam
620 638 753 720 petere,
774 628 951 718 positurus
974 628 1041 698 iam
1060 627 1206 701 tandem

120 747 469 839 peregrinationibus,
503 773 548 821 ne
572 748 683 821 dicam
710 747 888 819 erroribus
919 749 1007 820 meis
1040 749 1205 833 modum;

119 871 224 965 idque
244 875 311 943 iam
331 884 411 944 ante
432 872 498 944 hoc
512 872 690 943 biennium
712 873 839 942 laetum
858 881 972 954 esset,
988 872 1123 942 nisime
1144 873 1206 942 Lt-

119 1015 244 1086 gurum
262 1006 378 1068 motus
397 993 654 1089 Transpadanis
670 992 897 1086 compedibus
917 993 1121 1066 tenuissent.
1140 992 1205 1067 lbo

119 1129 234 1190 tamen
256 1129 294 1190 ut
314 1140 432 1209 spero,
454 1116 586 1209 aliquid
612 1137 784 1208 nugarum
810 1124 1023 1201 nostrarum,
1049 1138 1203 1208 quarum

120 1260 257 1332 semper
290 1238 614 1330 appetentissimum
649 1248 682 1308 te
714 1236 871 1320 memini,
903 1257 1038 1307 meeum
1071 1238 1202 1309 ferens.

120 1361 217 1430 Tunc
244 1371 276 1430 te
301 1379 381 1430 meo
406 1357 483 1430 iure
512 1360 655 1430 llomam
687 1358 859 1443 evocabo,
894 1360 950 1430 vel
983 1360 1073 1452 ipse,
1106 1357 1205 1449 quod

120 1481 254 1573 pridem
279 1481 394 1572 cupio,
418 1481 451 1549 in
472 1481 646 1572 Pelignus,
671 1481 701 1554 si
725 1504 796 1574 qua
823 1479 976 1564 dabitur,
998 1478 1202 1574 penetrabo.

121 1604 256 1673 lnterea
276 1603 500 1696 conspicuum
522 1604 617 1675 illum
640 1605 754 1677 virum
777 1604 859 1675 mibi
878 1600 1118 1696 cognominem
1137 1624 1205 1674 nee

122 1723 236 1796 rninus
260 1726 454 1796 unanimem
475 1727 613 1797 salvere
629 1725 710 1798 iube
726 1736 761 1797 et
778 1728 866 1798 vale.

265 1871 308 1925 vl.
324 1869 464 1924 Kalendas
479 1870 658 1941 Septembris.

632 2141 705 2152 ..οι

543 2377 721 2444 tentata
743 2377 786 2442 Vl.

201 2565 393 2616 FttlthlStttJS
414 2567 583 2619 ranulam
604 2566 782 2618 rnnnctsto
803 2568 909 2621 aarum
930 2569 1120 2622 sancronmr

475 2643 706 2722 n'rosronoauu
727 2655 753 2721 b.
777 2674 803 2723 e.
821 2675 851 2724 n.

198 2850 329 2905 Diuturni
342 2853 445 2906 silentii
460 2867 557 2906 causus
573 2853 689 2924 promit,
702 2868 773 2925 quas
785 2856 859 2910 inter·
872 2843 1023 2904 adventum
1037 2838 1127 2894 amicl-

381 2939 499 2995 Litteras
513 2944 640 3012 queritur·
655 2942 684 2996 in
699 2943 796 3000 itinere
811 2930 947 3002 intercipi.

220 3203 389 3295 Longaevi
403 3201 528 3272 silentii
545 3203 624 3286 mei,
640 3222 786 3297 proquo
800 3193 925 3272 litteris
945 3194 1010 3264 tuis
1024 3193 1142 3264 nescio
1155 3214 1199 3260 un

123 3326 238 3399 acrius
258 3349 303 3397 au
322 3324 460 3395 dulcius
480 3344 526 3392 an
547 3321 766 3395 reverentius
785 3342 831 3390 au
851 3314 991 3389 liberius
1009 3312 1198 3405 increpitus

124 3472 216 3535 sum,
230 3471 372 3521 causam
385 3444 553 3518 brevibus
567 3445 694 3534 aoeipe.
710 3441 826 3512 Multis
840 3440 985 3532 primurn
999 3463 1055 3513 me
1073 3435 1199 3511 diebus

125 3570 232 3643 tenuit
256 3593 412 3642 meorum
445 3569 595 3663 impetus
622 3562 831 3648 studiorum,
858 3562 913 3635 cui
938 3565 1022 3635 nihil
1051 3564 1199 3646 interpo

124 3693 228 3765 situm
254 3696 395 3778 vellem,
422 3704 458 3764 et
482 3689 657 3764 scribendi
683 3690 787 3772 calor,
820 3688 878 3782 qui
905 3699 942 3758 ut
968 3678 1201 3756 vehementis-

124 3816 235 3886 simus
268 3815 318 3887 sie
347 3817 617 3889 delicatissimus
642 3834 723 3885 esse
749 3815 837 3884 solet
862 3809 1084 3898 minimisque
1110 3810 1202 3894 tepe-

125 3959 233 4008 scere.
258 3938 416 4011 Accessit
435 3949 470 4012 et
491 3937 721 4032 peregrinatio
748 3945 823 4018 tua,
851 3955 931 4028 quae
957 3930 1019 4002 din
1046 3947 1100 3995 me
1124 3921 1203 3994 lenit

125 4059 307 4146 incertum,
332 4086 394 4134 nee
414 4064 497 4136 dnm
519 4067 672 4137 incertus
703 4078 782 4133 esse
808 4059 911 4142 desii,
949 4053 1090 4124 ubinam
1118 4063 1204 4117 meae
