2670 4688
228 333 320 381 ainau
343 329 508 379 vicesimus
530 329 917 377 strennuus-uersuum
939 330 1001 379 xiv.
1094 317 1154 379 rua

76 490 180 559 stum,
204 477 237 546 in
256 498 332 547 eam
355 473 517 544 fiduciam
541 481 623 542 sunt
642 473 765 556 evecti,
784 484 821 543 ut
838 476 1011 547 Teutones
1034 487 1153 547 eontra

76 613 169 671 stare
189 598 354 680 audeant,
368 606 405 668 et
420 595 542 666 terrori
555 616 636 665 esse
654 596 721 665 iliis
739 596 917 688 incipiant;
935 599 1155 690 experimen·

76 737 180 816 toque
206 719 479 812 deprehenditur
506 739 574 788 non
602 730 670 788 tam
696 741 821 790 vorum
852 742 935 791 esse
962 723 1057 814 quod
1089 724 1155 794 Lu-

77 864 186 914 canus
206 843 278 914 ait:

216 1031 305 1095 Ensis
320 1031 408 1095 habet
426 1033 525 1107 vires,
543 1043 573 1098 et
589 1052 662 1114 gens
679 1052 883 1116 quecumque
901 1038 1043 1099 virorum

216 1129 295 1192 Bella
312 1131 391 1208 gerit
406 1130 528 1210 gladiis,

78 1363 183 1433 quam
205 1339 300 1432 quod
325 1341 373 1411 ait
399 1341 506 1410 lulius
533 1341 763 1433 Capitolinus,
791 1342 885 1434 quod
910 1342 1042 1414 sedicet
1066 1345 1159 1414 nulia

80 1485 137 1535 res
159 1464 269 1555 magis
291 1474 412 1536 contra
428 1462 621 1534 Germanos
642 1467 739 1534 valet
757 1485 862 1556 quam
879 1463 1033 1558 expediti
1052 1466 1160 1556 sagit-

80 1586 180 1657 tarii?
200 1586 371 1657 Caeterum
390 1584 470 1654 haee
490 1584 653 1656 Fortuuae
681 1586 876 1657 constantia
900 1598 971 1671 est,
1000 1588 1052 1657 sio
1075 1598 1160 1657 ennt

80 1724 137 1774 ros
158 1703 377 1773 mortalium:
401 1701 447 1771 nil
466 1701 675 1793 cuiusquam
703 1701 879 1793 proprium
905 1713 1011 1793 atque
1036 1725 1161 1797 perpe·

80 1835 189 1895 tuum.
210 1824 317 1895 Cuius
337 1823 388 1894 rei
410 1822 441 1892 si
460 1820 621 1894 doctrina
641 1822 784 1893 brevior
800 1835 862 1894 aut
878 1823 1053 1915 antiquior
1070 1823 1162 1895 desi-

79 1947 223 2017 deratur
236 1946 449 2027 auotoritas,
466 1944 625 2038 Crispum
643 1945 742 2016 audi:
765 1944 920 2014 Fortuna
936 1946 1048 2037 inquit
1062 1948 1162 2015 simut

80 2071 321 2147 cummoribus
341 2080 505 2152 mittatur,
527 2080 557 2137 et
578 2069 755 2160 imperium
782 2087 909 2158 semper
934 2066 978 2136 od
1003 2069 1162 2158 optimum

79 2215 236 2285 quemque
253 2216 274 2262 o
294 2195 405 2263 miuus
423 2192 507 2260 douo
532 2193 739 2281 transfertur.
767 2191 814 2262 ita
840 2202 896 2263 est
921 2187 1160 2291 hauddubie,

79 2323 116 2396 et
136 2313 390 2407 quidquidhic
417 2313 519 2383 latius
545 2312 612 2384 dici
640 2323 769 2406 potest,
796 2312 953 2386 brevitas
978 2313 1045 2385 ista
1069 2334 1163 2385 oom-

80 2437 250 2530 plectitur.
272 2436 542 2504 Transternntur
563 2444 601 2504 ut
621 2455 707 2526 opes
732 2436 910 2507 hominum
932 2438 983 2507 sic
1007 2446 1043 2506 et
1067 2435 1162 2507 vires

82 2558 117 2617 et
136 2544 276 2633 ingenia
296 2555 332 2614 et
352 2544 501 2614 virtutes
521 2557 558 2616 et
572 2548 726 2630 nomina,
740 2568 869 2639 quaeve
889 2550 992 2619 unius
1013 2551 1159 2630 fuerant,

83 2666 227 2739 alterius
247 2664 344 2755 fiunt.
367 2666 499 2759 Nempe
524 2688 604 2737 oum
629 2667 930 2761 ponderosissima
955 2690 1012 2742 res
1037 2690 1162 2741 aurum

84 2787 130 2861 sit
147 2788 321 2872 instabile,
344 2811 448 2884 qnam
472 2801 574 2884 putas
595 2793 688 2861 fama
709 2791 785 2882 ipsa
808 2793 960 2863 volatilis
987 2815 1028 2864 ao
1053 2797 1163 2884 vaga?

82 2913 148 2982 Est
167 2933 252 2982 aura
272 2913 329 2984 itta
351 2910 491 3004 quidem
514 2912 627 2984 inanis
649 2934 690 2983 ac
712 2914 847 2986 tenuis:
867 2914 933 2985 hoc
954 2939 1063 2986 unum
1091 2937 1163 2986 rno-

84 3035 163 3105 bitis
182 3047 218 3105 et
237 3038 369 3106 incerta
391 3034 501 3107 fixum
521 3048 726 3128 certumque
744 3035 809 3108 sibi
832 3038 976 3109 retinet:
996 3039 1162 3110 virtutem
1250 3098 1253 3103 .

85 3158 256 3250 sequitur,
279 3158 453 3249 ignaviam
476 3159 574 3250 fugit.
597 3157 684 3229 Hinc
704 3158 876 3244 effectum,
894 3160 990 3253 quod
1011 3159 1163 3231 lustinus

84 3281 147 3366 ait,
169 3290 206 3351 ut
231 3282 320 3352 inter
344 3281 430 3352 vitia
462 3281 661 3354 Graecnrum
696 3283 876 3354 sordidum
908 3291 944 3353 et
975 3280 1163 3353 obscurum

85 3417 188 3476 autea
207 3401 430 3475 Macedonum
453 3425 578 3474 nomen
592 3414 801 3496 emergerem
821 3404 900 3475 hinc
918 3405 1104 3494 Carthago,
1119 3402 1165 3474 ab
1233 3455 1238 3469 .

84 3528 190 3600 exitio
207 3538 242 3597 et
261 3525 421 3616 angustis
440 3509 584 3616 sedibus
602 3528 713 3621 pretio
734 3527 904 3621 quaesitis,
921 3530 988 3598 tate
1000 3525 1164 3599 omnibus

86 3651 264 3722 tremenda
290 3648 485 3730 littoribns;
514 3649 593 3720 hina
616 3649 701 3722 urbs
723 3653 831 3723 Roma
857 3672 877 3720 e
904 3649 1068 3743 pastorali
1091 3652 1164 3722 cul-

86 3796 143 3845 mo
175 3773 297 3846 mundi
329 3773 468 3844 culmen
504 3781 539 3840 et
573 3774 750 3861 regnatrix
784 3774 941 3864 gentium
975 3774 1065 3844 sacta
1096 3783 1161 3844 est.

87 3893 215 3962 llarum
249 3912 335 3960 vero
367 3889 575 3959 varietatum
611 3908 774 3979 quaenam
807 3910 915 3959 causa
952 3888 1018 3960 nisi
1058 3890 1162 3961 unius

86 4014 198 4102 gentis
221 4014 343 4085 inertia
364 4013 408 4084 de
428 4012 660 4105 prosperitate
681 4012 814 4096 oriens,
837 4022 873 4082 et
888 4035 934 4083 ex
951 4014 1162 4085 conscientia

87 4134 174 4225 parti
196 4136 344 4208 nominis
367 4135 492 4229 priscae
518 4133 623 4205 indoti
657 4135 763 4228 luxus
796 4134 984 4229 obrepens,
1018 4135 1162 4206 atterius
