2670 4688
456 113 609 163 nnrsronn
632 114 737 161 xnuru.
1074 100 1133 162 lali

55 278 176 329 eorum
209 228 365 338 caritate,
398 264 434 324 at
466 257 589 326 saltem
620 256 739 327 damni
765 264 880 327 metu:
914 252 1017 326 vobis
1052 255 1133 348 quis

56 379 226 472 perpercit
256 379 432 469 unquam‘l
450 376 537 460 Quis
557 399 625 448 non
646 397 933 469 unumquemque
959 377 1074 448 hieme
1099 383 1135 446 et

56 509 155 570 nocte
188 499 315 580 media,
350 497 435 569 dum
469 498 617 570 ubertim
639 498 727 592 pluit
751 507 812 568 aut
836 499 1005 583 fulminat,
1042 518 1134 569 carae

58 622 190 711 gremio
223 620 381 712 coniugis
413 620 595 705 avulsum,
626 623 685 692 vel
718 621 753 689 in
787 620 979 713 periculum
1013 619 1135 690 mortis

58 744 163 828 misit,
194 744 251 813 vel
271 742 406 813 nivosis
433 742 608 814 montibus
634 752 671 813 et
699 740 832 812 limosis
860 739 1045 835 paludibus
1071 759 1136 809 ceu

58 863 127 933 vile
154 864 363 957 mancipium
394 862 652 936 circumduxit?
683 862 889 955 Experrecti
924 861 1062 933 tandem
1088 881 1137 931 ex

60 985 250 1076 lamgravi
271 1004 396 1080 sopore
424 986 606 1071 videmini,
639 985 788 1078 ideoque
819 985 849 1055 si
883 983 1136 1077 praeterilarum

60 1105 229 1177 sonitatum
253 1106 361 1198 pudet
381 1096 420 1178 ao
440 1110 599 1200 poenitet,
630 1108 740 1180 aciem
771 1106 897 1176 mentis
930 1105 1056 1176 acriter
1076 1102 1137 1174 ad-

61 1248 188 1298 versus
205 1247 327 1298 omnes
346 1248 452 1307 ausus
479 1228 667 1319 exacuite,
685 1249 728 1299 ne
757 1228 837 1320 quis
863 1231 950 1298 sorte
976 1228 1136 1319 luporum

63 1347 244 1441 rapacium,
276 1368 365 1439 quos
400 1368 420 1444 a
454 1349 585 1421 vestris
605 1348 757 1420 ovilibus
778 1349 974 1441 expulistis,
1008 1358 1046 1417 'et
1076 1347 1135 1438 qui

60 1471 163 1543 retiam
188 1491 281 1540 nunc
305 1470 446 1542 assidue
472 1480 570 1563 septa
595 1482 715 1541 vestra
742 1471 1042 1571 circumstrepunt,
1061 1470 1138 1539 ulu-

61 1597 130 1665 latu
164 1591 243 1663 ficto
273 1603 333 1663 aut
362 1613 425 1685 spe
455 1593 570 1685 aliqua
595 1591 806 1675 blanditium,
843 1592 933 1664 unde
968 1592 1138 1663 violenter
1233 1657 1239 1668 ,

60 1717 237 1797 exierunt,
268 1714 504 1786 fraudolenter
524 1713 717 1807 irrumpat:
738 1713 805 1786 nisi
822 1714 915 1786 euim
937 1713 1003 1783 boc
1021 1713 1137 1804 provi-

61 1836 180 1906 deritis
220 1837 326 1930 (quod
357 1858 460 1908 omen
499 1836 595 1910 venti
613 1836 781 1920 auferant,
816 1847 851 1906 et
882 1833 977 1928 quod
1007 1831 1136 1903 nedum

60 1978 202 2028 cerrima
224 1959 287 2030 sed
306 1959 506 2050 excogitare
531 1958 635 2031 etiam
662 1932 828 2029 abhorret
853 1952 1016 2048 animus),
1035 1954 1140 2026 nolite

62 2081 205 2151 credere
223 2080 381 2151 eamdem
404 2082 480 2150 illos
500 2102 604 2172 quam
624 2082 843 2174 pertulerunt
859 2080 985 2149 famem
1005 2076 1140 2149 re'cren·

62 2216 174 2283 turos,
198 2202 259 2272 sed
282 2204 390 2271 mullo
412 2201 620 2273 rabidiorem
642 2216 678 2273 et
699 2205 811 2292 magis
828 2205 1010 2293 magisque
1029 2210 1139 2271 tractu

63 2322 226 2413 temporis
260 2319 448 2409 efferatam.
479 2322 592 2415 AEque
629 2321 747 2413 gregis
781 2322 986 2412 sanguinem
1020 2322 1141 2391 sitiunt

63 2454 97 2512 et
117 2441 283 2534 pastoris,
304 2415 340 2511 et
360 2441 552 2512 libertatem
580 2454 734 2514 vestram
756 2454 792 2514 et
814 2443 1011 2515 liberatoris
1032 2444 1141 2512 vestri

64 2564 206 2653 gloriam
245 2564 418 2633 miseriam
459 2574 565 2656 alque
602 2544 828 2655 ignominiam
864 2584 961 2633 suam
996 2562 1139 2634 ducunt.

64 2685 247 2756 Adversus
268 2685 332 2756 hos
354 2684 476 2756 bostes
494 2685 860 2787 fidenterinsurgite:
883 2683 982 2777 pauci
1003 2695 1038 2754 el
1057 2705 1140 2754 con·

64 2809 272 2901 templibiles
305 2819 410 2878 erunt
441 2809 472 2879 si
508 2828 576 2880 vos
609 2831 716 2880 uuum
749 2807 857 2878 eritis,
891 2805 961 2878 Sed
994 2809 1140 2878 multum

66 2930 171 3000 timeo
191 2932 272 3022 quia
294 2934 440 3002 multum
462 2930 584 3022 diligo,
612 2931 805 3024 eademque
836 2931 969 3002 ratione
994 2932 1141 3000 multum

66 3050 197 3131 audeo;
220 3073 315 3122 amor
336 3051 427 3124 enim
449 3063 484 3122 et
504 3051 652 3145 pavidus
673 3053 752 3123 lacit
772 3074 853 3123 esse
868 3073 1035 3123 securos.
1064 3053 1142 3124 Scio

65 3173 206 3264 quidem
239 3172 274 3240 in
307 3175 362 3244 illa
394 3183 599 3267 tempestate
635 3174 865 3266 Reipublicae,
901 3175 1001 3245 cuius
1025 3194 1141 3266 -supru

65 3295 223 3379 memini,
243 3295 350 3365 luisse
366 3295 425 3387 qui
448 3317 636 3389 paucorum
656 3296 831 3391 tyrannidi
848 3294 1021 3367 adversus
1038 3294 1143 3365 liber-

66 3430 171 3489 tatem
193 3418 345 3488 omniurn
367 3420 538 3500 laverant,
565 3418 672 3511 idque
704 3432 774 3489 non
808 3417 853 3489 ab
886 3414 1045 3489 obscuris
1078 3414 1141 3487 sed

64 3566 83 3611 a
114 3539 391 3635 praeclarissimis
425 3540 706 3611 adolescentibus
739 3554 844 3633 alque
876 3541 986 3633 ipsius
1018 3539 1142 3611 libera-

66 3663 149 3731 toris
169 3661 247 3731 filiis
268 3662 476 3744 admissum,
494 3659 623 3751 quibus
640 3673 676 3733 et
692 3662 792 3731 mixti
812 3661 992 3753 sauguinis
1009 3682 1137 3744 nexus

64 3793 100 3852 et
119 3786 333 3855 consuetudo
360 3782 506 3874 longior,
534 3795 570 3853 et
594 3783 795 3855 familiarior
828 3785 1026 3866 convictus,
1055 3781 1139 3854 obli-

65 3903 201 3975 vionem
219 3907 270 3977 sui
293 3906 404 4001 ipsius
425 3904 668 3988 obvexoraut;
689 3926 750 3979 eus
773 3905 829 3976 ille
856 3916 970 3978 lamen
992 3905 1139 3978 orbitate
