2670 4688
170 292 229 352 lt'rtl
635 304 794 353 vlnsnnuu

176 443 388 538 prohiberet.
411 446 535 516 Valere
553 446 696 517 feliciter
721 466 785 515 vos
804 455 897 535 opto,
928 457 967 516 et
990 447 1068 518 mei
1093 469 1280 520 memores.

174 568 431 640 Recommendo
452 567 553 639 vobis
575 566 762 638 Barbatum
796 567 948 638 amicum
978 590 1127 641 meum.
1162 574 1280 644 Datum

173 710 323 781 propere
340 693 400 759 ult.
422 690 581 760 Ianuarii.

277 809 435 901 Sequitur
458 815 598 884 Carmen
618 810 704 902 quod
723 824 769 882 cst
790 812 859 883 lit.
880 811 927 898 11,
948 812 1021 906 Ep.
1045 815 1078 885 Ι.
1106 815 1203 905 Quid
1218 839 1282 887 meo

174 937 246 1021 soto
266 934 350 1002 mibi
368 944 432 1003 toto
452 936 625 1026 speciosius
642 957 724 1007 oevo.

670 1157 754 1170 t-——.

585 1371 761 1437 uersuum
784 1372 875 1437 Llllll.

280 1532 474 1582 nnsnclscus
496 1531 664 1582 necasset
685 1532 828 1582 sssnsno
848 1533 1013 1584 veronesi
1036 1538 1069 1588 S.
1098 1542 1131 1591 e.
1155 1544 1189 1594 n.

317 1679 448 1735 Dolorem
465 1678 586 1732 lacrimis
601 1677 697 1732 leniri:
714 1677 876 1732 Amicorum
890 1682 1016 1733 mortem
1031 1682 1144 1740 deflet.

280 1924 369 1995 Sunt
381 1923 522 2017 quidam
538 1924 588 1994 sic
604 1922 715 1995 affecti
738 1924 788 1993 sic
804 1920 919 1993 obruti
936 1944 1113 2014 moerore,
1136 1946 1180 2005 ut
1198 1937 1281 2005 sicut

180 2050 216 2117 in
229 2046 446 2138 corporibus,
460 2045 525 2114 nisi
539 2056 709 2139 purgatus
724 2046 848 2116 humor
861 2043 988 2115 noxius
1002 2048 1131 2137 fuerit,
1147 2057 1281 2128 extrin-

179 2188 283 2238 secus
305 2166 445 2236 admota
471 2166 625 2236 remedia
645 2167 775 2238 frustra
796 2167 878 2249 sint,
898 2167 949 2236 sic
968 2168 1109 2244 animis
1139 2199 1281 2270 qnoque

179 2279 328 2364 illorum,
343 2281 379 2349 ni
395 2290 578 2351 concretus
601 2280 699 2352 dolor
720 2282 754 2353 in
772 2283 932 2375 querelas
953 2293 1015 2352 aut
1037 2285 1221 2363 lacrimas
1237 2295 1282 2363 el·

179 2400 356 2486 fundatur,
384 2423 605 2495 nequaquam
640 2403 707 2474 illis
741 2403 929 2475 verborum
964 2409 1280 2484 consolationibus

180 2526 353 2598 medeare.
373 2527 412 2599 ld
431 2526 510 2596 olim
530 2526 711 2609 meditans,
728 2526 939 2619 Stephanum
959 2524 1002 2595 de
1021 2525 1213 2607 Columna
1230 2557 1280 2606 se·

179 2650 313 2721 niorem
336 2649 450 2721 virum
481 2651 635 2720 omnium
664 2670 752 2742 quos
786 2648 941 2720 noverim
968 2660 1094 2722 contra
1127 2653 1279 2728 hostiles

180 2783 299 2843 motus
325 2784 446 2843 nostra
475 2781 580 2843 aetate
606 2773 831 2844 fortissimum
857 2783 960 2863 atque
985 2771 1186 2862 invictum,
1217 2779 1278 2850 sed

180 2902 355 2964 amantem
377 2892 465 2963 adeo
479 2914 622 2965 suorum
642 2905 678 2965 ut
696 2917 783 2986 pene
806 2903 899 2965 tolus
919 2915 966 2964 ex
987 2892 1134 2967 illorum
1158 2904 1278 2974 anima

180 3015 361 3108 penderet,
384 3027 463 3110 post
493 3018 583 3088 illam
618 3016 850 3088 miserabilem
871 3038 911 3087 ac
937 3015 1098 3087 festinam
1125 3022 1277 3097 familiae

100 3131 102 3134 ⁴
183 3158 258 3209 suae
273 3148 423 3230 stragem
446 3138 496 3210 sic
513 3160 575 3232 per
595 3139 778 3231 epistolam
799 3161 877 3211 sum
898 3140 1114 3231 alloquutus,
1138 3166 1216 3216 non
1240 3159 1277 3218 ut

181 3261 343 3332 lacrimas
364 3262 639 3355 comprimerem,
658 3260 754 3353 quod
774 3245 804 3332 si
818 3265 964 3333 facerem
978 3261 1213 3340 extincturus
1235 3272 1275 3340 il-

181 3383 251 3453 lum
267 3383 411 3466 fueram,
428 3381 492 3454 sed
505 3385 665 3454 elicerem
680 3405 720 3453 ac
734 3382 889 3454 funditus
903 3382 1148 3470 exhaurirem,
1162 3401 1273 3483 atque

182 3506 227 3576 ita
247 3504 368 3575 dolore
385 3504 490 3574 nimio
511 3506 648 3596 plenam
670 3505 820 3577 animam
845 3525 1097 3597 expurgarem:
1125 3519 1165 3580 et
1190 3532 1274 3583 suc-

182 3627 301 3697 cessit.
323 3627 512 3718 Epistulam
534 3626 626 3698 enim
649 3625 757 3710 illam,
774 3639 811 3698 ut
825 3623 909 3697 mihi
929 3625 988 3717 qui
1008 3646 1086 3695 enm
1110 3631 1196 3702 tulit
1216 3656 1275 3705 re-

183 3750 273 3833 tulit,
289 3761 339 3819 tot
352 3774 430 3821 cum
450 3750 602 3822 lacrimis
621 3750 705 3840 legit
718 3751 892 3841 tantisque
910 3748 1081 3841 suspiriis,
1106 3762 1146 3821 ut
1166 3753 1274 3826 time·

182 3853 233 3940 ret
253 3872 309 3942 ille
330 3895 373 3942 nc
393 3873 546 3966 periculo
563 3872 628 3944 sibi
645 3882 758 3957 esset;
780 3871 1028 3944 insultantibus
1042 3871 1169 3946 amicis
1184 3877 1273 3968 qnia

184 3993 412 4082 nescioquod
432 3995 595 4067 nocivum
622 4017 662 4067 ac
688 3996 872 4068 funereum
884 3993 1094 4065 attulissem:
1112 4015 1157 4066 ea
1179 4018 1272 4068 vero

183 4112 348 4202 perlecta,
373 4116 473 4190 tersit
492 4119 624 4201 oculos,
641 4115 791 4193 luania
891 4111 968 4189 litte
983 4113 1136 4209 amplius
1161 4115 1273 4192 fletu-
